@INPROCEEDINGS{occulusion,
  author={Aristidou, Andreas and Cameron, Jonathan and Lasenby, Joan},
  booktitle={2008 2nd International Conference on Bioinformatics and Biomedical Engineering}, 
  title={Real-Time Estimation of Missing Markers in Human Motion Capture}, 
  year={2008},
  volume={},
  number={},
  pages={1343-1346},
  doi={10.1109/ICBBE.2008.665}}


@ARTICLE{fatiguereview,
AUTHOR={Adão Martins, Neusa R. and Annaheim, Simon and Spengler, Christina M. and Rossi, René M.},   
TITLE={Fatigue Monitoring Through Wearables: A State-of-the-Art Review},      
JOURNAL={Frontiers in Physiology},   
VOLUME={12},           
YEAR={2021},      
URL={https://www.frontiersin.org/articles/10.3389/fphys.2021.790292},       
DOI={10.3389/fphys.2021.790292}, 
ISSN={1664-042X}}

@Article{ani11071859,
AUTHOR = {Klecel, Weronika and Martyniuk, Elżbieta},
TITLE = {From the Eurasian Steppes to the Roman Circuses: A Review of Early Development of Horse Breeding and Management},
JOURNAL = {Animals},
VOLUME = {11},
YEAR = {2021},
NUMBER = {7},
ARTICLE-NUMBER = {1859},
URL = {https://www.mdpi.com/2076-2615/11/7/1859},
doi = {https://doi.org/10.3390/ani11071859}
}

@article{MAMI201974,
title = {Evaluation of Biological Indicators of Fatigue and Muscle Damage in Arabian Horses After Race},
journal = {Journal of Equine Veterinary Science},
volume = {78},
pages = {74-78},
year = {2019},
issn = {0737-0806},
doi = {https://doi.org/10.1016/j.jevs.2019.04.007},
author = {Sajad Mami and Gholamhossein Khaje and Ali Shahriari and Saad Gooraninejad}}

@book{GERARD201419,
title = {Chapter 3 - Energetic considerations of exercise},
booktitle = {The Athletic Horse (Second Edition)},
publisher = {W.B. Saunders},
edition = {Second},
pages = {19-33},
year = {2014},
doi = {https://doi.org/10.1016/B978-0-7216-0075-8.00012-5},
author = {Mathew P. Gerard and E.De Graaf-Roelfsema and David R. Hodgson and J.H. Van Der Kolk}
}

@article{yoshikawa,
    author = {Yoshikawa, Tomoaki and Mori, Satoshi and Santiesteban, A. J. and Sun, T. C. and Hafstad, Else and Chen, Jie and Burr, David B.},
    title = "{The effects of muscle fatigue on bone strain}",
    journal = {Journal of Experimental Biology},
    volume = {188},
    number = {1},
    pages = {217-233},
    year = {1994},
    month = {03},
    issn = {0022-0949},
    doi = {10.1242/jeb.188.1.217},
    url = {https://doi.org/10.1242/jeb.188.1.217},
    eprint = {https://journals.biologists.com/jeb/article-pdf/188/1/217/2853627/jexbio\_188\_1\_217.pdf}}

@article {takahashi2004,
      author = "Toshiyuki Takahashi and Yoshinori Kasashima and Yoshiharu Ueno",
      title = "Association between race history and risk of superficial digital flexor tendon injury in Thoroughbred racehorses",
      journal = "Journal of the American Veterinary Medical Association",
      year = "2004",
      publisher = "American Veterinary Medical Association",
      address = "Schaumburg, IL, USA",
      volume = "225",
      number = "1",
      doi = "10.2460/javma.2004.225.90",
      pages=      "90 - 93",
      url = "https://avmajournals.avma.org/view/journals/javma/225/1/javma.2004.225.90.xml"}

@article{BARTOLOME,
title = {Potential Effects of Stress on the Performance of Sport Horses},
journal = {Journal of Equine Veterinary Science},
volume = {40},
pages = {84-93},
year = {2016},
issn = {0737-0806},
doi = {https://doi.org/10.1016/j.jevs.2016.01.016},
url = {https://www.sciencedirect.com/science/article/pii/S0737080615300721},
author = {Ester Bartolomé and Michael Stanley Cockram}}

@article{meira_2014_speed,
  author = {Meira, Camila Tangari and Fortes, Marina R.S. and Farah, Michel Marques and Porto-Neto, Laércio R. and Kelly, Matthew and Moore, Stephen S. and Pereira, Guilherme L. and Chardulo, Luis Artur Loyola and Curi, Rogério Abdallah},
  month = {11},
  pages = {1263-1268},
  title = {Speed Index in the Racing Quarter Horse: A Genome-wide Association Study},
  doi = {10.1016/j.jevs.2014.09.003},
  urldate = {2020-04-20},
  volume = {34},
  year = {2014},
  journal = {Journal of Equine Veterinary Science}}

@article{witte_2004_accuracy,
  author = {Witte, T.H. and Wilson, A.M.},
  month = {12},
  pages = {1891-1898},
  title = {Accuracy of non-differential GPS for the determination of speed over ground},
  doi = {10.1016/j.jbiomech.2004.02.031},
  urldate = {2020-04-20},
  volume = {37},
  year = {2004},
  journal = {Journal of Biomechanics}}

@article{kingston_2006_use,
  author = {Kingston, J. K. and Soppet, G. M. and Rogers, C. W. and firth, E. C.},
  month = {08},
  pages = {106-109},
  title = {Use of a global positioning and heart rate monitoring system to assess training load in a group of Thoroughbred racehorses},
doi = {10.1111/j.2042-3306.2006.tb05523.x},
  urldate = {2020-01-20},
  volume = {38},
  year = {2006},
  journal = {Equine Veterinary Journal}
}

@article{robert_2002_effects,
  author = {Robert, C. and Valette, J. -P. and Pourcelot, P. and Audigie, F. and Denoix, J. -M.},
  month = {09},
  pages = {295-301},
  title = {Effects of trotting speed on muscle activity and kinematics in saddlehorses},
  doi = {10.1111/j.2042-3306.2002.tb05436.x},
  urldate = {2020-04-20},
  volume = {34},
  year = {2002},
  journal = {Equine Veterinary Journal}
}

@article{allen_2015_evaluation,
  author = {Allen, K. J. and Young, L. E. and Franklin, S. H.},
  month = {08},
  pages = {99-112},
  title = {Evaluation of heart rate and rhythm during exercise},
  doi = {10.1111/eve.12405},
  urldate = {2020-04-16},
  volume = {28},
  year = {2015},
  journal = {Equine Veterinary Education}
}

@article{bazzano_2016_application,
  author = {Bazzano, Marilena and Giudice, Elisabetta and Rizzo, Maria and Congiu, Fulvio and Zumbo, Alessandro and Arfuso, Francesca and Di Pietro, Simona and Bruschetta, Daniele and Piccione, Giuseppe},
  month = {06},
  pages = {189-200},
  title = {Application of a combined global positioning and heart rate monitoring system in jumper horses during an official competition — A preliminary study},
  doi = {10.1556/004.2016.019. },
  urldate = {2020-04-20},
  volume = {64},
  year = {2016},
  journal = {Acta Veterinaria Hungarica}
}

@article{farries_2019_analysis,
  author = {Farries, G. and Gough, K. F. and Parnell, A. C. and McGivney, B. A. and McGivney, C. L. and McGettigan, P. A. and MacHugh, D. E. and Katz, L. M. and Hill, E. W.},
  month = {09},
  pages = {670-685},
  title = {Analysis of genetic variation contributing to measured speed in Thoroughbreds identifies genomic regions involved in the transcriptional response to exercise},
  doi = {10.1111/age.12848},
  urldate = {2020-04-20},
  volume = {50},
  year = {2019},
  journal = {Animal Genetics}
}

@article{fonseca_2010_the,
  author = {Fonseca, R. G. and Kenny, D. A. and Hill, E. W. and Katz, L. M.},
  month = {11},
  pages = {51-57},
  title = {The association of various speed indices to training responses in Thoroughbred flat racehorses measured with a global positioning and heart rate monitoring system},
doi = {10.1111/j.2042-3306.2010.00272.x},
  urldate = {2020-01-20},
  volume = {42},
  year = {2010},
  journal = {Equine Veterinary Journal}
}

@article{marlin_2018_equine,
  author = {Marlin, David and Williams, Jane},
  month = {08},
  pages = {87-90},
  title = {Equine Endurance Race Pacing Strategy and Performance in 120-km Single-Day Races},
  doi = {10.1016/j.jevs.2018.03.013},
  urldate = {2020-04-20},
  volume = {67},
  year = {2018},
  journal = {Journal of Equine Veterinary Science}
}

@article{parkes_2019_the,
  author = {Parkes, Rebecca S. V. and Weller, Renate and Pfau, Thilo and Witte, Thomas H.},
  month = {07},
  pages = {466},
  title = {The Effect of Training on Stride Duration in a Cohort of Two-Year-Old and Three-Year-Old Thoroughbred Racehorses},
  doi = {10.3390/ani9070466},
  urldate = {2019-11-18},
  volume = {9},
  year = {2019},
  journal = {Animals}
}

@article{vermeulen_2006_measurements,
  author = {Vermeulen, A. D. and Evans, D. L.},
  month = {08},
  pages = {113-117},
  title = {Measurements of fitness in Thoroughbred racehorses using field studies of heart rate and velocity with a global positioning system},
  doi = {10.1111/j.2042-3306.2006.tb05525.x},
  urldate = {2020-04-20},
  volume = {38},
  year = {2006},
  journal = {Equine Veterinary Journal}
}

@article{williams_2019_the,
  author = {Williams, J. and Kenworth, K. and Jones, T.},
  month = {01},
  pages = {150},
  title = {The role of heart rate monitoring to assess workload during maintenance interval training in national hunt racehorses},
  doi = {10.1016/j.jveb.2018.12.003},
  urldate = {2020-02-03},
  volume = {29},
  year = {2019},
  journal = {Journal of Veterinary Behavior}
}

@article{witte_2006_effect,
  author = {Witte, T. H. and Hirst, C. V. and Wilson, A. M.},
  month = {11},
  pages = {4389-4397},
  title = {Effect of speed on stride parameters in racehorses at gallop in field conditions},
  doi = {10.1242/jeb.02518},
  urldate = {2019-11-18},
  volume = {209},
  year = {2006},
  journal = {Journal of Experimental Biology}
}

@article{munsters_2014_exercise,
  author = {Munsters, Carolien C.B.M and van Iwaarden, Alexandra and van Weeren, René and Sloet van Oldruitenborg-Oosterbaan, Marianne M.},
  month = {10},
  pages = {11-19},
  title = {Exercise testing in Warmblood sport horses under field conditions},
  doi = {10.1016/j.tvjl.2014.07.019},
  
  volume = {202},
  year = {2014},
  journal = {The Veterinary Journal}
}


@article{bennet_2018_fdration,
  author = {Bennet, E.D. and Parkin, T.D.H.},
  month = {06},
  pages = {37-43},
  title = {Fédération Equestre Internationale (FEI) endurance events: Riding speeds as a risk factor for failure to qualify outcomes (2012–2015)},
  doi = {10.1016/j.tvjl.2018.04.012},
  urldate = {2020-04-17},
  volume = {236},
  year = {2018},
  journal = {The Veterinary Journal}
}

@article{nagy_2010_elimination,
  author = {Nagy, A. and Murray, J. K. and Dyson, S.},
  month = {11},
  pages = {637-643},
  title = {Elimination from elite endurance rides in nine countries: A preliminary study},
  doi = {10.1111/j.2042-3306.2010.00220.x},
  urldate = {2019-12-12},
  volume = {42},
  year = {2010},
  journal = {Equine Veterinary Journal}
}

@article{spence_2012_speed,
  author = {Spence, Andrew J. and Thurman, Andrew S. and Maher, Michael J. and Wilson, Alan M.},
  month = {03},
  pages = {678-681},
  title = {Speed, pacing strategy and aerodynamic drafting in Thoroughbred horse racing},
  doi = {10.1098/rsbl.2011.1120},
  urldate = {2020-01-06},
  volume = {8},
  year = {2012},
  journal = {Biology Letters}
}

@article{younes_2015_speed,
  author = {Younes, Mohamed and Robert, Céline and Cottin, François and Barrey, Eric},
  editor = {Munderloh, Ulrike Gertrud},
  month = {08},
  title = {Speed and Cardiac Recovery Variables Predict the Probability of Elimination in Equine Endurance Events},
  urldate = {2020-04-20},
  doi = {10.1371/journal.pone.0137013},
  volume = {10},
  year = {2015},
  journal = {PLOS ONE}
}

@article{Alexeenko,
author = {Alexeenko, Vadim and Jeevaratnam, Kamalan},
title = {Artificial intelligence: Is it wizardry, witchcraft, or a helping hand for an equine veterinarian?},
journal = {Equine Veterinary Journal},
volume = {55},
number = {5},
pages = {719-722},
doi = {https://doi.org/10.1111/evj.13969},
url = {https://beva.onlinelibrary.wiley.com/doi/abs/10.1111/evj.13969},
eprint = {https://beva.onlinelibrary.wiley.com/doi/pdf/10.1111/evj.13969},
year = {2023}
}


@article{moorman_2017_the,
  author = {Moorman, Valerie J. and Frisbie, David D. and Kawcak, Christopher E. and McIlwraith, C. Wayne},
  month = {11},
  pages = {34-39},
  title = {The Effect of Horse Velocity on the Output of an Inertial Sensor System},
  doi = {10.1016/j.jevs.2017.08.009},
  urldate = {2019-12-12},
  volume = {58},
  year = {2017},
  journal = {Journal of Equine Veterinary Science}
}

@article{heglund_1988_speed,
  author = {Heglund, Norman and Taylor, C},
  pages = {0-1},
  title = {Speed, stride frequency and energy cost per stride: How do they change with body size and gait?},
  doi = {},
  urldate = {2020-04-20},
  volume = {138},
  year = {1988},
  journal = {J. exp. Biol}
}

@article{han_2020_selection,
  author = {Han, Haige and McGivney, Beatrice A. and Farries, Gabriella and Katz, Lisa M. and MacHugh, David E. and Randhawa, Imtiaz A. S. and Hill, Emmeline W.},
  editor = {Palsson, Arnar},
  month = {02},
  pages = {e0227212},
  title = {Selection in Australian Thoroughbred horses acts on a locus associated with early two-year old speed},
  doi = {10.1371/journal.pone.0227212},
  urldate = {2020-04-20},
  volume = {15},
  year = {2020},
  journal = {PLOS ONE}
}



@www{enschede_kwpn,
  author = {Enschede, Innovadis BV},
  title = {KWPN Lineair scoring, https://www.kwpn.org/events/empty/studbook-inspections/lineair-scoring, 2020-04-20},
  organization = {www.kwpn.org}
}

@article{knigvonborstel_2011_towards,
  author = {König von Borstel, Uta and Pasing, Stephanie and Gauly, Matthias},
  month = {12},
  pages = {277-285},
  title = {Towards a more objective assessment of equine personality using behavioural and physiological observations from performance test training},
  doi = {10.1016/j.applanim.2011.10.007},
  urldate = {2020-04-20},
  volume = {135},
  year = {2011},
  journal = {Applied Animal Behaviour Science}
}

@article{fredricson_1980_the,
  author = {Fredricson, I. and Drevemo, S. and Dalin, G. and Hjerten, G. and Bj\"{o}rne, K.},
  month = {04},
  pages = {54-59},
  title = {The application of high-speed cinematography for the quantitative analysis of equine locomotion},
  doi = {10.1111/j.2042-3306.1980.tb02309.x},
  urldate = {2019-10-30},
  volume = {12},
  year = {1980},
  journal = {Equine Veterinary Journal}
}

@article{ratzlaff_1985_the,
  author = {Ratzlaff, Marc H. and Shindell, Roger M. and White, Karl K.},
  month = {01},
  pages = {279-283},
  title = {The interrelationships of stride lengths and stride times to velocities of galloping horses},
  doi = {10.1016/S0737-0806(85)80064-2},
  urldate = {2020-04-20},
  volume = {5},
  year = {1985},
  journal = {Journal of Equine Veterinary Science}
}

@article{gunnarsson_2017_the,
  author = {Gunnarsson, V. and Stefánsdóttir, G. J. and Jansson, A. and Roepstorff, L.},
  month = {03},
  pages = {1567-1572},
  title = {The effect of rider weight and additional weight in Icelandic horses in tölt: part II. Stride parameters responses},
  doi = {10.1017/S1751731117000568},
  urldate = {2020-04-20},
  volume = {11},
  year = {2017},
  journal = {animal}
}

@article{mackechnieguire_2018_relationship,
  author = {Mackechnie-Guire, Russell and Mackechnie-Guire, Erik and Fisher, Mark and Mathie, Helen and Bush, Rosie and Pfau, Thilo and Weller, Renate},
  month = {10},
  pages = {43-52},
  title = {Relationship Between Saddle and Rider Kinematics, Horse Locomotion, and Thoracolumbar Pressures in Sound Horses},
  doi = {10.1016/j.jevs.2018.06.003},
  urldate = {2019-03-13},
  volume = {69},
  year = {2018},
  journal = {Journal of Equine Veterinary Science}
}

@article{martin_2017_effects,
  author = {Martin, Pauline and Cheze, Laurence and Pourcelot, Philippe and Desquilbet, Loïc and Duray, Laurent and Chateau, Henry},
  month = {01},
  pages = {15-22},
  title = {Effects of Large Saddle Panels on the Biomechanics of the Equine Back During Rising Trot: Preliminary Results},
doi = {10.1016/j.jevs.2016.08.006},
  volume = {48},
  year = {2017},
  journal = {Journal of Equine Veterinary Science}
}

@article{ericson_2020_the,
  author = {Ericson, Cajsa and Stenfeldt, Pernilla and Hardeman, Aagje and Jacobson, Inger},
  month = {02},
  pages = {301},
  title = {The Effect of Kinesiotape on Flexion-Extension of the Thoracolumbar Back in Horses at Trot},
  doi = {10.3390/ani10020301},
  urldate = {2020-04-20},
  volume = {10},
  year = {2020},
  journal = {Animals}
}

@article{pfau_2005_a,
  author = {Pfau, T.},
  month = {07},
  pages = {2503-2514},
  title = {A method for deriving displacement data during cyclical movement using an inertial sensor},
  doi = {10.1242/jeb.01658 },
  
  volume = {208},
  year = {2005},
  journal = {Journal of Experimental Biology}
}

@article{best_2019_the,
  author = {Best, Russ and Standing, Regan},
  month = {07},
  pages = {446},
  title = {The Spatiotemporal Characteristics of 0–24-Goal Polo},
  doi = {10.20944/preprints201907.0065.v1},
  urldate = {2020-04-20},
  volume = {9},
  year = {2019},
  journal = {Animals}
}

@article{borresen_2009_the,
  author = {Borresen, Jill and Ian Lambert, Michael},
  month = {09},
  pages = {779-795},
  title = {The Quantification of Training Load, the Training Response and the Effect on Performance},
  doi = {10.2165/11317780-000000000-00000},
  urldate = {2019-05-05},
  volume = {39},
  year = {2009},
  journal = {Sports Medicine}
}

@article{varley_2012_validity,
  author = {Varley, Matthew C. and Fairweather, Ian H. and Aughey, Robert J.},
  month = {01},
  pages = {121-127},
  title = {Validity and reliability of GPS for measuring instantaneous velocity during acceleration, deceleration, and constant motion},
  doi = {10.1080/02640414.2011.627941},
  urldate = {2019-05-05},
  volume = {30},
  year = {2012},
  journal = {Journal of Sports Sciences}
}

@article{malone_2017_unpacking,
  author = {Malone, James J. and Lovell, Ric and Varley, Matthew C. and Coutts, Aaron J.},
  month = {04},
  pages = {S2-18-S2-26},
  title = {Unpacking the Black Box: Applications and Considerations for Using GPS Devices in Sport},
  doi = {10.1123/ijspp.2016-0236},
  urldate = {2020-04-20},
  volume = {12},
  year = {2017},
  journal = {International Journal of Sports Physiology and Performance}
}

@article{roe_2017_validity,
  author = {Roe, Gregory and Darrall-Jones, Joshua and Black, Christopher and Shaw, William and Till, Kevin and Jones, Ben},
  month = {07},
  pages = {836-839},
  title = {Validity of 10-HZ GPS and Timing Gates for Assessing Maximum Velocity in Professional Rugby Union Players},
  doi = {10.1123/ijspp.2016-0256 },
  urldate = {2019-10-24},
  volume = {12},
  year = {2017},
  journal = {International Journal of Sports Physiology and Performance}
}

@article{beato_2018_validity,
  author = {Beato, Marco and Devereux, Gavin and Stiff, Adam},
  month = {10},
  pages = {2831-2837},
  title = {Validity and Reliability of Global Positioning System Units (STATSports Viper) for Measuring Distance and Peak Speed in Sports},
  doi = {10.1519/JSC.0000000000002778},
  urldate = {2020-02-28},
  volume = {32},
  year = {2018},
  journal = {Journal of Strength and Conditioning Research}
}

@article{scott_2016_the,
  author = {Scott, Macfarlane T.U. and Scott, Tannath J. and Kelly, Vincent G.},
  month = {05},
  pages = {1470-1490},
  title = {The Validity and Reliability of Global Positioning Systems in Team Sport},
  doi = {10.1519/JSC.0000000000001221},
  urldate = {2020-04-20},
  volume = {30},
  year = {2016},
  journal = {Journal of Strength and Conditioning Research}
}

@article{sathyamoorthy_2012_evaluation,
  author = {Sathyamoorthy, Dinesh and Faudzi, M. and Fitry, M.},
  month = {09},
  pages = {338-347},
  title = {Evaluation of the Effect of Radio Frequency Interference on Global Positioning System (GPS) Accuracy via GPS Simulation},
  doi = {10.14429/dsj.62.1606},
  urldate = {2020-03-01},
  volume = {62},
  year = {2012},
  journal = {Defence Science Journal}
}

@article{chalko2007high,
  title={High accuracy speed measurement using GPS (Global Positioning System)},
  author={Chalko, Tom J and MSc, P},
  journal={NU Journal of Discovery},
  volume={4},
  pages={1--9},
  year={2007}
}


@article{zhang_2006_short,
  author = {Zhang, Jason and Zhang, Kefei and Grenfell, Ron and Deakin, Rod},
  month = {03},
  pages = {104-110},
  title = {Short Note: On the Relativistic Doppler Effect for Precise Velocity Determination using GPS},
  doi = {10.1007/s00190-006-0038-8},
  urldate = {2020-04-20},
  volume = {80},
  year = {2006},
  journal = {Journal of Geodesy}
}

@article{Linke2018,
author={Linke, D. and Link, D. and Lames, M.},
title={Validation of electronic performance and tracking systems EPTS under field conditions},
journal={PLoS ONE},
year={2018},
volume={13},
number={7},
doi={10.1371/journal.pone.0199519}}



@article{ahmed_2020_enhanced,
  author = {Ahmed, Nadeem and Rafiq, Jahir Ibna and Islam, Md Rashedul},
  month = {01},
  pages = {317},
  title = {Enhanced Human Activity Recognition Based on Smartphone Sensor Data Using Hybrid Feature Selection Model},
  doi = {10.3390/s20010317},
  urldate = {2020-04-26},
  volume = {20},
  year = {2020},
  journal = {Sensors}
}

@article{barwick_2018_predicting,
  author = {Barwick, Jamie and Lamb, David and Dobos, Robin and Schneider, Derek and Welch, Mitchell and Trotter, Mark},
  month = {01},
  pages = {12},
  title = {Predicting Lameness in Sheep Activity Using Tri-Axial Acceleration Signals},
  doi = {10.3390/ani8010012},
  urldate = {2020-04-26},
  volume = {8},
  year = {2018},
  journal = {Animals}
}

@article{rehman_2019_selecting,
  author = {Rehman, Rana Zia Ur and Del Din, Silvia and Guan, Yu and Yarnall, Alison J. and Shi, Jian Qing and Rochester, Lynn},
  month = {11},
  title = {Selecting Clinically Relevant Gait Characteristics for Classification of Early Parkinson’s Disease: A Comprehensive Machine Learning Approach},
  doi = {10.1038/s41598-019-53656-7},
  urldate = {2020-04-26},
  volume = {9},
  year = {2019},
  journal = {Scientific Reports}
}

@inproceedings{kamminga_2018_robust,
  author = {Kamminga, Jacob W. and Le, Duc V. and Meijers, Jan Pieter and Bisby, Helena and Meratnia, Nirvana and Havinga, Paul J.M.},
  month = {03},
  pages = {1-27},
  title = {Robust Sensor-Orientation-Independent Feature Selection for Animal Activity Recognition on Collar Tags},
  doi = {10.1145/3191747},
  urldate = {2020-04-26},
  volume = {2},
  year = {2018},
  journal = {Proceedings of the ACM on Interactive, Mobile, Wearable and Ubiquitous Technologies}
}

@article{pudil_1994_floating,
  author = {Pudil, P. and Novovičová, J. and Kittler, J.},
  month = {11},
  pages = {1119-1125},
  title = {Floating search methods in feature selection},
  doi = {10.1016/0167-8655(94)90127-9},
  urldate = {2019-09-19},
  volume = {15},
  year = {1994},
  journal = {Pattern Recognition Letters}
}


@inproceedings{10.5555/1643031.1643047,
author = {Kohavi, Ron},
title = {A Study of Cross-Validation and Bootstrap for Accuracy Estimation and Model Selection},
year = {1995},
doi = {10.5555/1643031.1643047},
publisher = {Morgan Kaufmann Publishers Inc.},
address = {San Francisco, CA, USA},
booktitle = {Proceedings of the 14th International Joint Conference on Artificial Intelligence - Volume 2},
pages = {1137–1143},
numpages = {7},
location = {Montreal, Quebec, Canada},
series = {IJCAI’95}
}
  

@article{quinlan_1986_induction,
  author = {Quinlan, J. R.},
  month = {03},
  pages = {81-106},
  title = {Induction of decision trees},
  doi = {10.1007/BF00116251},
  url = {http://www.hunch.net/~coms-4771/quinlan.pdf},
  urldate = {2019-03-27},
  volume = {1},
  year = {1986},
  journal = {Machine Learning}
}

@article{breiman_2001_random,
  author = {Breiman, Leo},
  pages = {5-32},
  title = {Random forests},
  doi = {10.1023/A:1010933404324},
  volume = {45},
  year = {2001},
  journal = {Machine Learning}
}

@book{carledwardrasmussen_2008_gaussian,
  author = {Carl Edward Rasmussen and Williams, Christopher K I},
  publisher = {Cambridge, Mass. Mit Press},
  title = {Gaussian processes for machine learning},
  year = {2008}
}

@article{cortes_1995_supportvector,
  author = {Cortes, Corinna and Vapnik, Vladimir},
  month = {09},
  pages = {273-297},
  title = {Support-vector networks},
  doi = {10.1007/BF00994018},
  urldate = {2019-03-03},
  volume = {20},
  year = {1995},
  journal = {Machine Learning}
}


@article{friedman_2002_stochastic,
  author = {Friedman, Jerome H.},
  month = {02},
  pages = {367-378},
  title = {Stochastic gradient boosting},
  doi = {10.1016/S0167-9473(01)00065-2},
  urldate = {2019-08-13},
  volume = {38},
  year = {2002},
  journal = {Computational Statistics & Data Analysis}
}



@article{ICEEP,

author = {Serra Braganca, F.M. and Tijssen, M. and  Gunnarsson, V. and Bjornsdottlr, S. and Persson-Sjodin, E. and Van Weeren, P.R. and Voskamp, J. and Back, W. and Rhodin, M.},
title = {The use of an artificial neural network to classify gait in Icelandic horses},
journal = {Comparative Exercise Physiology},
volume = {14},
number = {Supplement 1},
pages = {S41},
year = {2018},
doi = {10.3920/cep2018.s1}
}

@article{phinyomark2018analysis,
  title={Analysis of big data in gait biomechanics: Current trends and future directions},
  author={Phinyomark, Angkoon and Petri, Giovanni and Ib{\'a}{\~n}ez-Marcelo, Esther and Osis, Sean T and Ferber, Reed},
  journal={Journal of medical and biological engineering},
  volume={38},
  number={2},
  pages={244--260},
  year={2018},
  doi = {10.1007/s40846-017-0297-2},
  publisher={Springer}
}

@article{lindner2020global,
  title={Global Positioning System--Determined and Stopwatch-Determined Running Speeds of Horses Differ},
  author={Lindner, Arno and Brand, Anna},
  journal={Journal of Equine Veterinary Science},
  volume={84},
  pages={102871},
  year={2020},
  doi = {10.1016/j.jevs.2019.102871},
  publisher={Elsevier}
}


@article{townshend2008assessment,
  title={Assessment of speed and position during human locomotion using nondifferential GPS},
  author={Townshend, Andrew D and Worringham, Charles J and Stewart, Ian B},
  journal={Medicine \& Science in Sports \& Exercise},
  volume={40},
  number={1},
  pages={124--132},
  year={2008},
  doi = {10.1249/mss.0b013e3181590bc2}
}




@article{DBLP:journals/corr/KleinFBHH16,
  author    = {Aaron Klein and
               Stefan Falkner and
               Simon Bartels and
               Philipp Hennig and
               Frank Hutter},
  title     = {Fast Bayesian Optimization of Machine Learning Hyperparameters on Large Datasets},
  journal   = {CoRR},
  volume    = {abs/1605.07079},
  year      = {2016},
  doi = {arXiv:1605.07079}

}


@ARTICLE{8701439, author={L. {Kang} and R. {Chen} and N. {Xiong} and Y. {Chen} and Y. {Hu} and C. {Chen}}, journal={IEEE Access}, title={Selecting Hyper-Parameters of Gaussian Process Regression Based on Non-Inertial Particle Swarm Optimization in Internet of Things}, year={2019}, volume={7}, number={}, pages={59504-59513}, doi = {10.1109/ACCESS.2019.2913757}} 

@article{doi:10.1002/widm.1301,
author = {Probst, Philipp and Wright, Marvin N. and Boulesteix, Anne-Laure},
title = {Hyperparameters and tuning strategies for random forest},
journal = {WIREs Data Mining and Knowledge Discovery     },
volume = {9},
number = {3},
pages = {e1301},
doi = {10.1002/widm.1301},
year = {2019}
}

@article{articletouza,
author = {Touzani, Samir and Granderson, Jessica and Fernandes, Samuel},
year = {2017},
month = {11},
pages = {},
title = {Gradient boosting machine for modeling the energy consumption of commercial buildings},
volume = {158},
journal = {Energy and Buildings},
doi = {10.1016/j.enbuild.2017.11.039}
}

@article{SUT201115534,
title = {Comparison of regression tree data mining methods for prediction of mortality in head injury},
journal = {Expert Systems with Applications},
volume = {38},
number = {12},
pages = {15534 - 15539},
year = {2011},
issn = {0957-4174},
doi = {10.1016/j.eswa.2011.06.006},
author = {Necdet Sut and Osman Simsek},
}


@article{adsd1,
author = {Bragança, F. M. and Bosch, S. and Voskamp, J. P. and Marin-Perianu, M. and Van der Zwaag, B. J. and Vernooij, J. C. M. and van Weeren, P. R. and Back, W.},
title = {Validation of distal limb mounted inertial measurement unit sensors for stride detection in Warmblood horses at walk and trot},
journal = {Equine Veterinary Journal},
volume = {49},
number = {4},
pages = {545-551},
doi = {10.1111/evj.12651},
year = {2017}
}

@article{doi:10.1111/eve.12400,
author = {Pfau, T. and Boultbee, H. and Davis, H. and Walker, A. and Rhodin, M.},
title = {Agreement between two inertial sensor gait analysis systems for lameness examinations in horses},
journal = {Equine Veterinary Education},
volume = {28},
number = {4},
pages = {203-208},
doi = {10.1111/eve.12400},
year = {2016}
}

@ARTICLE{5409556,
author={K. D. {Nguyen} and I. {Chen} and Z. {Luo} and S. H. {Yeo} and H. B. {Duh}},
journal={IEEE/ASME Transactions on Mechatronics},
title={A Wearable Sensing System for Tracking and Monitoring of Functional Arm Movement},
year={2011},
volume={16},
number={2},
pages={213-220}}


@INPROCEEDINGS{8036783,

  author={R. {Delgado-Gonzalo} and J. {Hubbard} and P. {Renevey} and A. {Lemkaddem} and Q. {Vellinga} and D. {Ashby} and J. {Willardson} and M. {Bertschi}},

  booktitle={2017 39th Annual International Conference of the IEEE Engineering in Medicine and Biology Society (EMBC)}, 

  title={Real-time gait analysis with accelerometer-based smart shoes}, 

  year={2017},

  volume={},

  number={},

  pages={148-148c}}
  
  
  
  @article{10.1371/journal.pone.0212319,
    author = {Nagymáté, Gergely AND Kiss, Rita M.},
    journal = {PLOS ONE},
    publisher = {Public Library of Science},
    title = {Affordable gait analysis using augmented reality markers},
    year = {2019},
    month = {02},
    volume = {14},
    pages = {1-15},
        number = {2},
    doi = {10.1371/journal.pone.0212319}
}

@article{SUN2017319,
title = "Clinical gait evaluation of patients with knee osteoarthritis",
journal = "Gait & Posture",
volume = "58",
pages = "319 - 324",
year = "2017",
doi = "10.1016/j.gaitpost.2017.08.009",
author = "Jun Sun and Yancheng Liu and Songhua Yan and Guanglei Cao and Shasha Wang and D. Kevin Lester and Kuan Zhang"
}


@article {Robilliard187,
	author = {Robilliard, Justine J. and Pfau, Thilo and Wilson, Alan M.},
	title = {Gait characterisation and classification in horses},
	volume = {210},
	number = {2},
	pages = {187--197},
	year = {2007},
	doi = {10.1242/jeb.02611},
	publisher = {The Company of Biologists Ltd},
		issn = {0022-0949},

	journal = {Journal of Experimental Biology}
}








@article{doi:10.3920/cep2018.s1,

title = {10th International Conference on Equine Exercise Physiology},
journal = {Comparative Exercise Physiology},
volume = {14},
number = {Supplement 1},
pages = {S1-S114},
year = {2018},
doi = {10.3920/cep2018.s1},

    abstract = { Abstracts of the 10th International Conference on Equine Exercise Physiology. Lorne, Australia, 12 - 16 November 2018. }
}



@article{weishaupt,
author = {Weishaupt, M. A. and Hogg, H. P. and Auer, J. A. and Wiestner, T.},
title = {Velocity-dependent changes of time, force and spatial parameters in Warmblood horses walking and trotting on a treadmill},
journal = {Equine Veterinary Journal},
volume = {42},
number = {s38},
pages = {530-537},
doi = {10.1111/j.2042-3306.2010.00190.x},
year = {2010}
}



@article{CHANG20103494,
title = "Application of support-vector-machine-based method for feature selection and classification of thyroid nodules in ultrasound images",
journal = "Pattern Recognition",
volume = "43",
number = "10",
pages = "3494 - 3506",
year = "2010",
issn = "0031-3203",
doi = "10.1016/j.patcog.2010.04.023",
author = "Chuan-Yu Chang and Shao-Jer Chen and Ming-Fong Tsai"
}


@article{takeda,
author = {Takeda, Ryo and Lisco, Giulia and Fujisawa, Tadashi and Gastaldi, Laura and Tohyama, Harukazu and Tadano, Shigeru},
year = {2014},
month = {12},
pages = {23230-47},
title = {Drift Removal for Improving the Accuracy of Gait Parameters Using Wearable Sensor Systems},
volume = {14},
journal = {Sensors (Basel, Switzerland)},
doi = {10.3390/s141223230}
}

@article{smith1997scientist,
  title={The scientist and engineer's guide to digital signal processing},
  author={Smith, Steven W and others},
  year={1997},
  isbn = {978-0966017632},
  publisher={California Technical Pub. San Diego}
}


@book{parks1987digital,
  isbn={978-0-471-82896-9},
  author={Parks, Thomas W and Burrus, C Sidney},
  year={1987},
  publisher={Wiley-Interscience}
}


@ARTICLE{Yun2014186,
author={Yun, Y. and Kim, H.-C. and Shin, S.Y. and Lee, J. and Deshpande, A.D. and Kim, C.},
title={Statistical method for prediction of gait kinematics with Gaussian process regression},
journal={Journal of Biomechanics},
year={2014},
volume={47},
number={1},
pages={186-192},
doi={10.1016/j.jbiomech.2013.09.032},
note={cited By 42},

document_type={Article},
source={Scopus}
}



@ARTICLE{Bouwman2020,
author={Bouwman, A. and Savchuk, A. and Abbaspourghomi, A. and Visser, B.},
title={Automated Step Detection in Inertial Measurement Unit Data From Turkeys},
journal={Frontiers in Genetics},
year={2020},
volume={11},
doi={10.3389/fgene.2020.00207},
art_number={207},
note={cited By 0},

document_type={Article},
source={Scopus}
}

@ARTICLE{Zhou2020,
author={Zhou, Y. and Romijnders, R. and Hansen, C. and Campen, J. and Maetzler, W. and Hortobágyi, T. and Lamoth, C.J.C.},
title={The detection of age groups by dynamic gait outcomes using machine learning approaches},
journal={Scientific Reports},
year={2020},
volume={10},
number={1},
doi={10.1038/s41598-020-61423-2},

document_type={Article},
source={Scopus}
}



@article{articlejian,
author = {Peng, Jian and Ferguson, Stuart and Rafferty, Karen and Kelly, Paul},
year = {2011},
month = {10},
pages = {3543-3552},
title = {An efficient feature selection method for mobile devices with application to activity recognition},
volume = {74},
journal = {Neurocomputing},
doi = {10.1016/j.neucom.2011.06.023}}


@www{hornet,
  title = {OriginGPS - Hornet},
  url = {https://origingps.com/product-category/hornet/},
  urldate = {2020-09-25},
  organization = {OriginGPS}
}



@article{456,
author = {Bosch, Stephan and Braganca, Filipe and Marin-Perianu, Mihai and Marin-Perianu, Raluca and van der Zwaag, Berend Jan and Voskamp, John and Back, Willem and van Weeren, Paul and Havinga, Paul},
year = {2018},
month = {03},
pages = {},
title = {EquiMoves: A Wireless Networked Inertial Measurement System for Objective Examination of Horse Gait},
volume = {18},
journal = {Sensors},
doi = {10.3390/s18030850}}




@article{PMID,
author = {Keegan, Kevin G and Kramer, Joanne and Yonezawa, Yoshiharu and Maki, Hiromitchi and Pai, P Frank and Dent, Eric V and Kellerman, Thomas E and Wilson, David A and Reed, Shannon K},
year = {2011},
month = {9},
pages = {1156-1163},
title = {Assessment of repeatability of a wireless, inertial sensor-based lameness evaluation system for horses},
volume = {72},
journal = {American journal of veterinary research},
doi = {10.2460/ajvr.72.9.1156}}



@inproceedings{1inproceedings,
author = {Thompson, Robin and Kyriazakis, Ilias and Holden, Amey and Olivier, Patrick and Ploetz, Thomas},
year = {2015},
month = {09},
pages = {325-336},
title = {Dancing with Horses: Automated Quality Feedback for Dressage Riders},

journal = {Proceedings  of  the  ACM  on  Interactive,   Mobile,   Wearable  and  Ubiquitous  Technologies},
doi = {10.1145/2750858.2807536}}



@article{articlevisual,
author = {Starke, Sandra and Oosterlinck, Maarten},
year = {2018},
month = {09},
pages = {vetrec-2018},
title = {Reliability of equine visual lameness classification as a function of expertise, lameness severity and rater confidence},
volume = {184},
journal = {Veterinary Record},
doi = {10.1136/vr.105058}
}

@article{GMEL2020102932,
title = "Should We Agree to Disagree? An Evaluation of the Inter-Rater Reliability of Gait Quality Traits in Franches-Montagnes Stallions",
journal = "Journal of Equine Veterinary Science",
volume = "88",
pages = "102932",
year = "2020",
issn = "0737-0806",
doi = "10.1016/j.jevs.2020.102932",
url = "http://www.sciencedirect.com/science/article/pii/S073708062030023X",
author = "Annik Imogen Gmel and Gerhard Gmel and Rudolf von Niederhäusern and Michael Andreas Weishaupt and Markus Neuditschko"
}

@article{faber,
author = {Faber, M. and Johnston, C. and van Weeren, P. R. and Barneveld, A.},
title = {Repeatability of back kinematics in horses during treadmill locomotion},
journal = {Equine Veterinary Journal},
volume = {34},
number = {3},
pages = {235-241},
doi = {10.2746/042516402776186010},
year = {2002}
}

@article{CANO2001147,
title = "Kinematic characteristics of Andalusian, Arabian and Anglo-Arabian horses: a comparative study",
journal = "Research in Veterinary Science",
volume = "71",
number = "2",
pages = "147 - 153",
year = "2001",
doi = "10.1053/rvsc.2001.0504",
author = "M.R Cano and J Vivo and F MirÓ and J.L Morales and A.M Galisteo"}



@article{Fasel2017,
author = {Fasel, Benedikt and Duc, Cyntia and Dadashi, Farzin and Bardyn, Flavien and Savary, Martin and Farine, Pierre Andr{\'{e}} and Aminian, Kamiar},
doi = {10.1007/s11517-017-1621-2},
journal = {Medical and Biological Engineering and Computing},
number = {10},
pages = {1773--1785},
publisher = {Springer Berlin Heidelberg},
title = {{A wrist sensor and algorithm to determine instantaneous walking cadence and speed in daily life walking}},
volume = {55},
year = {2017}
}

@article{Feigl2020,
author = {Feigl, Tobias and Kram, Sebastian and Woller, Philipp and Siddiqui, Ramiz H. and Philippsen, Michael and Mutschler, Christopher},
doi = {10.3390/s20133656},
journal = {Sensors (Switzerland)},
number = {13},
pages = {1--31},
title = {{RNN-aided human velocity estimation from a single IMU}},
volume = {20},
year = {2020}
}

@article{Brzostowski2018,
author = {Brzostowski, Krzysztof},
doi = {10.1016/j.bspc.2018.01.002},
journal = {Biomedical Signal Processing and Control},
pages = {18--29},
publisher = {Elsevier Ltd},
title = {{Novel approach to human walking speed enhancement based on drift estimation}},
volume = {42},
year = {2018}
}


@article{MANNINI20141312,
title = "Walking speed estimation using foot-mounted inertial sensors: Comparing machine learning and strap-down integration methods",
journal = "Medical Engineering & Physics",
volume = "36",
number = "10",
pages = "1312 - 1321",
year = "2014",
doi = "10.1016/j.medengphy.2014.07.022",
author = "Andrea Mannini and Angelo Maria Sabatini"}

@article{Schmutz2020,
author = {Schmutz, Amandine and Ch{\`{e}}ze, Laurence and Jacques, Julien and Martin, Pauline},
doi = {10.3390/s20020518},
journal = {Sensors (Switzerland)},
month = {jan},
number = {2},
pages = {518},
title = {{A method to estimate horse speed per stride from one IMU with a machine learning method}},
volume = {20},
year = {2020}
}

@article{Byun2019,
author = {Byun, Seonjeong and Lee, Hyang Jun and Han, Ji Won and Kim, Jun Sung and Choi, Euna and Kim, Ki Woong},
doi = {10.1371/journal.pone.0227075},
isbn = {1111111111},
issn = {19326203},
journal = {PLoS ONE},
number = {12},
pages = {1--16},
title = {{Walking-speed estimation using a single inertial measurement unit for the older adults}},
volume = {14},
year = {2019}
}

@article{Qian2020,
author = {Qian, Yuyang and Yang, Kaiming and Zhu, Yu and Wang, Wei and Wan, Chenhui},
doi = {10.1016/j.bspc.2020.102117},
journal = {Biomedical Signal Processing and Control},
pages = {102117},
publisher = {Elsevier Ltd},
title = {{Combining deep learning and model-based method using Bayesian Inference for walking speed estimation}},
volume = {62},
year = {2020}
}

@article{Diez2018,
author = {D{\'{i}}ez, Luis Enrique and Bahillo, Alfonso and Otegui, Jon and Otim, Timothy},

journal = {IEEE Sensors Journal},
keywords = {speed estimation},
mendeley-tags = {speed estimation},
number = {17},
pages = {6908--6926},
publisher = {IEEE},
title = {{Step Length Estimation Methods Basedon Inertial Sensors: A Review}},
volume = {18},
year = {2018}
}

@article{Zihajehzadeh2016,
author = {Zihajehzadeh, Shaghayegh and Park, Edward J.},
doi = {10.1371/journal.pone.0165211},
issn = {19326203},
journal = {PLoS ONE},
keywords = {speed estimation},
mendeley-tags = {speed estimation},
number = {10},
pages = {1--16},
pmid = {27764231},
title = {{Regression model-based walking speed estimation using wrist-worn inertial sensor}},
volume = {11},
year = {2016}
}

@article{articllstm,
author = {Braganca, Filipe and Broomé, S and Rhodin, Marie and Bjornsdottir, Sigridur and Gunnarsson, Vikingur and Voskamp, John and Persson-Sjodin, Emma and Back, Willem and Lindgren, Gabriella and Novoa-Bravo, Miguel and Roepstorff, Christoffer and van der Zwaag, Berend Jan and van Weeren, Paul and Hernlund, Elin},
year = {2020},
month = {10},
pages = {},
title = {Improving gait classification in horses by using inertial measurement unit (IMU) generated data and machine learning},
volume = {10},
journal = {Scientific Reports},
doi = {10.1038/s41598-020-73215-9}
}

@article{trot4.tb04375.x,
author = {Clayton, Hilary M.},
title = {Comparison of the stride kinematics of the collected, working, medium and extended trot in horses},
journal = {Equine Veterinary Journal},
volume = {26},
number = {3},
pages = {230-234},
keywords = {horse, kinematics, trot, high speed photography, gait analysis, dressage},
doi = {10.1111/j.2042-3306.1994.tb04375.x},
url = {https://beva.onlinelibrary.wiley.com/doi/abs/10.1111/j.2042-3306.1994.tb04375.x},
eprint = {https://beva.onlinelibrary.wiley.com/doi/pdf/10.1111/j.2042-3306.1994.tb04375.x},
year = {1994}
}


@article{articlewalk,
author = {Clayton, Hilary},
year = {1995},
month = {07},
pages = {849-52},
title = {Comparison of the stride kinematics of the collected, medium, and extended walks in horses},
volume = {56},
journal = {American journal of veterinary research},
doi = {10.1111/j.2042-3306.1994.tb04375.x},
}

@article{9216873,
  author={T. {Yigit} and F. {Han} and E. {Rankins} and J. {Yi} and K. {McKeever} and K. {Malinowski}},
  booktitle={2020 IEEE 16th International Conference on Automation Science and Engineering (CASE)}, 
  title={Wearable IMU-based Early Limb Lameness Detection for Horses using Multi-Layer Classifiers}, 
  year={2020},
  volume={},
  number={},
  pages={955-960},
  doi={10.1109/CASE48305.2020.9216873}}
  
  
  @article{articsasasasle,
author = {Glowinski, Sebastian and Łosiński, Karol and Kowianski, Przemyslaw and Waśkow, Monika and Bryndal, Aleksandra and Grochulska, Agnieszka},
year = {2020},
month = {05},
pages = {342},
title = {Inertial Sensors as a Tool for Diagnosing Discopathy Lumbosacral Pathologic Gait: A Preliminary Research},
volume = {10},
journal = {Diagnostics},
doi = {10.3390/diagnostics10060342}
}





@article{gunnarsson_2018_objective,
  author = {Gunnarsson, V and Tijssen, M and Bjornsdottir, S and Voskamp, J.P and Van Weeren, P.R and Back, W and Rhodin, M and Persson-Sjodin, E and Serra Braganca, F.M},
  month = {10},
  pages = {S52},
  title = {Objective evaluation of stride parameters in the five-gaited Icelandic horse},
  doi = {10.3920/cep2018.s1},
  
  
  volume = {14},
  year = {2018},
  journal = {Comparative Exercise Physiology}
}





@book{eadweardmuybridge_1899_animals,
  author = {Eadweard Muybridge},
  title = {Animals in motion.},
  year = {1899}
}

@article{hobbs_2020_a,
  author = {Hobbs, Sarah Jane and St George, Lindsay and Reed, Janet and Stockley, Rachel and Thetford, Clare and Sinclair, Jonathan and Williams, Jane and Nankervis, Kathryn and Clayton, Hilary M.},
  month = {04},
  pages = {e9022},
  title = {A scoping review of determinants of performance in dressage},
  doi = {10.7717/peerj.9022},
  volume = {8},
  year = {2020},
  journal = {PeerJ}
}

@article{leach_1984_standardised,
  author = {Leach, D. H. and Ormrod, K. and Clayton, H. M.},
  month = {11},
  pages = {522-528},
  title = {Standardised terminology for the description and analysis of equine locomotion},
  doi = {10.1111/j.2042-3306.1984.tb02007.x},
  urldate = {2020-11-17},
  volume = {16},
  year = {1984},
  journal = {Equine Veterinary Journal}
}

@article{clayton_2019_a,
  author = {Clayton, Hilary M. and Hobbs, Sarah J.},
  month = {10},
  pages = {763},
  title = {A Review of Biomechanical Gait Classification with Reference to Collected Trot, Passage and Piaffe in Dressage Horses},
  doi = {10.3390/ani9100763},
  volume = {9},
  year = {2019},
  journal = {Animals}
}



@article{wickler_2006_stride,
  author = {Wickler, S. J. and Greene, H. M. and Egan, K. and Astudillo, A. and Dutto, D. J. and Hoyt, D. F.},
  month = {08},
  pages = {60-64},
  title = {Stride parameters and hindlimb length in horses fatigued on a treadmill and at an endurance ride},
  doi = {10.1111/j.2042-3306.2006.tb05514.x},
  volume = {38},
  year = {2006},
  journal = {Equine Veterinary Journal}
}

@misc{fdrationequestreinternationale_dressage,
	key =          {},
	author =        {Fédération Equestre Internationale},
	title =        {Dressage Rules 2021},
	howpublished = {},
	institution  = {Fédération Equestre Internationale},
	day =       08,
	month =     {May},
	year =         2021,
	note =         {\url{Https://inside.fei.org/sites/default/files/FEI_Dressage_Rules_2021_Clean_Version.pdf}Accessed: 08-03-2021}
}

@article{tijssen_2020_automatic,
  author = {Tijssen, M. and Hernlund, E. and Rhodin, M. and Bosch, S. and Voskamp, J. P. and Nielen, M. and Serra Braganςa, F. M.},
  editor = {Rogers, Chris},
  month = {06},
  pages = {e0233266},
  title = {Automatic hoof-on and -off detection in horses using hoof-mounted inertial measurement unit sensors},
  doi = {10.1371/journal.pone.0233266},
  volume = {15},
  year = {2020},
  journal = {PLOS ONE}
}

@article{zahradka_2020_an,
  author = {Zahradka, Nicole and Verma, Khushboo and Behboodi, Ahad and Bodt, Barry and Wright, Henry and Lee, Samuel C. K.},
  month = {09},
  title = {An Evaluation of Three Kinematic Methods for Gait Event Detection Compared to the Kinetic-Based ‘Gold Standard’},
  doi = {10.3390/s20185272},
  url = {https://www.ncbi.nlm.nih.gov/pmc/articles/PMC7571134/},
  urldate = {2021-05-28},
  volume = {20},
  year = {2020},
  journal = {Sensors (Basel, Switzerland)}
}

@article{boye_2014_accuracy,
  author = {Boye, Jenny Katrine and Thomsen, Maj Halling and Pfau, Thilo and Olsen, Emil},
  month = {03},
  pages = {1220-1224},
  title = {Accuracy and precision of gait events derived from motion capture in horses during walk and trot},
  doi = {10.1016/j.jbiomech.2013.12.018},
  volume = {47},
  year = {2014},
  journal = {Journal of Biomechanics}
}

@article{roepstorff_2021_reliable,
  author = {Roepstorff, Christoffer and Dittmann, Marie Theres and Arpagaus, Samuel and Serra Bragança, Filipe Manuel and Hardeman, Aagje and Persson-Sjödin, Emma and Roepstorff, Lars and Gmel, Annik Imogen and Weishaupt, Michael Andreas},
  month = {01},
  pages = {110146},
  title = {Reliable and clinically applicable gait event classification using upper body motion in walking and trotting horses},
  doi = {10.1016/j.jbiomech.2020.110146},
  urldate = {2021-06-25},
  volume = {114},
  year = {2021},
  journal = {Journal of Biomechanics}
}

@article{starke_2015_a,
  author = {Starke, Sandra D. and Clayton, Hilary M.},
  month = {03},
  pages = {e783},
  title = {A universal approach to determine footfall timings from kinematics of a single foot marker in hoofed animals},
  doi = {10.7717/peerj.783},
  urldate = {2021-01-11},
  volume = {3},
  year = {2015},
  journal = {PeerJ}
}

@article{barstow_2018_does,
  author = {Barstow, A. and Bailey, J. and Campbell, J. and Harris, C. and Weller, R. and Pfau, T.},
  month = {05},
  pages = {108-114},
  title = {Does ‘hacking’ surface type affect equine forelimb foot placement, movement symmetry or hoof impact deceleration during ridden walk and trot exercise?},
  doi = {10.1111/evj.12952},
  volume = {51},
  year = {2018},
  journal = {Equine Veterinary Journal}
}

@article{hernlund_2013_hoof,
  author = {Hernlund, Elin and Egenvall, Agneta and Peterson, Michael L. and Mahaffey, Christie A. and Roepstorff, Lars},
  month = {12},
  pages = {e27-e32},
  title = {Hoof accelerations at hoof-surface impact for stride types and functional limb types relevant to show jumping horses},
  doi = {10.1016/j.tvjl.2013.09.029},
  urldate = {2020-04-02},
  volume = {198},
  year = {2013},
  journal = {The Veterinary Journal}
}

@article{chateau_2009_effects,
  author = {Chateau, H. and Robin, D. and Falala, S. and Pourcelot, P. and Valette, J.-P. and Ravary, B. and Denoix, J.-M. and Crevier-Denoix, N.},
  month = {03},
  pages = {247-251},
  title = {Effects of a synthetic all-weather waxed track versus a crushed sand track on 3D acceleration of the front hoof in three horses trotting at high speed},
  doi = {10.2746/042516409x394463},
  volume = {41},
  year = {2009},
  journal = {Equine Veterinary Journal}
}

@article{holdendouilly_2013_equine,
  author = {Holden-Douilly, Laurène and Pourcelot, Philippe and Desquilbet, Loïc and Falala, Sylvain and Crevier-Denoix, Nathalie and Chateau, Henry},
  month = {08},
  pages = {198-204},
  title = {Equine hoof slip distance during trot at training speed: Comparison between kinematic and accelerometric measurement techniques},
  doi = {10.1016/j.tvjl.2013.02.004},
  volume = {197},
  year = {2013},
  journal = {The Veterinary Journal}
}

@misc{britanica,
	key =          {},
	author =        {Encyclopædia Britannica, inc.},
	title =        {Events of the Ancient Olympic Games},
	howpublished = {},
	institution  = {Encyclopædia Britannica, inc.},
	day =       {},
	month =     {},
	year =         {},
	note =         {\url{Https://www.britannica.com/story/ancient-olympic-games}Accessed: 15-06-2023}
}

@article{lirias2803493,
title = {Data Science Approaches for the Analysis and Interpretation of Training Load Data of Athletes, PhD Thesis},
year = {2019-06-20},
author = {Op De Beéck, T and Davis, J}}


@article{prakash2018,
author = {Prakash, Chandra and Kumar, Rajesh and Mittal, Namita},
year = {2018},
month = {01},
pages = {1-40},
title = {Recent developments in human gait research: parameters, approaches, applications, machine learning techniques, datasets and challenges},
volume = {49},
journal = {Artificial Intelligence Review},
doi = {10.1007/s10462-016-9514-6}
}

@article{egan2018,
author = {Egan, S. and Brama, P. and McGrath, D.},
title = {Research trends in equine movement analysis, future opportunities and potential barriers in the digital age: A scoping review from 1978 to 2018},
journal = {Equine Veterinary Journal},
volume = {51},
number = {6},
pages = {813-824},
doi = {https://doi.org/10.1111/evj.13076},
url = {https://beva.onlinelibrary.wiley.com/doi/abs/10.1111/evj.13076},
eprint = {https://beva.onlinelibrary.wiley.com/doi/pdf/10.1111/evj.13076},
year = {2019}
}


@article{ratzlaff_2005_relationships,
  author = {Ratzlaff, Marc H. and Wilson, Patrick D. and Hutton, David V. and Slinker, Bryan K.},
  month = {04},
  pages = {589-595},
  title = {Relationships between hoof-acceleration patterns of galloping horses and dynamic properties of the track},
  doi = {10.2460/ajvr.2005.66.589},
  urldate = {2021-07-07},
  volume = {66},
  year = {2005},
  journal = {American Journal of Veterinary Research}
}

@article{alsaaod_2017_the,
  author = {Alsaaod, M. and Luternauer, M. and Hausegger, T. and Kredel, R. and Steiner, A.},
  month = {02},
  pages = {1417-1426},
  title = {The cow pedogram—Analysis of gait cycle variables allows the detection of lameness and foot pathologies},
  doi = {10.3168/jds.2016-11678},
  url = {https://www.sciencedirect.com/science/article/pii/S0022030216308463},
  volume = {100},
  year = {2017},
  journal = {Journal of Dairy Science}
}

@article{witte_2004_determination,
  author = {Witte, T. H.},
  month = {10},
  pages = {3639-3648},
  title = {Determination of peak vertical ground reaction force from duty factor in the horse (Equus caballus)},
  doi = {10.1242/jeb.01182},
  urldate = {2019-10-30},
  volume = {207},
  year = {2004},
  journal = {Journal of Experimental Biology}
}

@article{starke_2012_accuracy,
  author = {Starke, Sandra D. and Witte, Thomas H. and May, Stephen A. and Pfau, Thilo},
  month = {05},
  pages = {1522-1528},
  title = {Accuracy and precision of hind limb foot contact timings of horses determined using a pelvis-mounted inertial measurement unit},
  doi = {10.1016/j.jbiomech.2012.03.014},
  urldate = {2019-10-30},
  volume = {45},
  year = {2012},
  journal = {Journal of Biomechanics}
}

@article{ryan_2006_a,
  author = {Ryan, C. T. and Schaer, B. L. Dallap and Nunamaker, D. M.},
  month = {11},
  pages = {671-674},
  title = {A novel wireless data acquisition system for the measurement of hoof accelerations in the exercising horse},
  doi = {10.2746/042516406x156361},
  urldate = {2020-05-09},
  volume = {38},
  year = {2006},
  journal = {Equine Veterinary Journal}
}

@article{chateau_2010_biomechanical,
  author = {Chateau, H. and Holden, L. and Robin, D. and Falala, S. and Pourcelot, P. and Estoup, P. and Denoix, J.-M. and Crevier-Denoix, N.},
  month = {11},
  pages = {488-495},
  title = {Biomechanical analysis of hoof landing and stride parameters in harness trotter horses running on different tracks of a sand beach (from wet to dry) and on an asphalt road},
  doi = {10.1111/j.2042-3306.2010.00277.x},
  urldate = {2020-04-02},
  volume = {42},
  year = {2010},
  journal = {Equine Veterinary Journal}
}

@article{olsen_2012_accuracy,
  author = {Olsen, Emil and Haubro Andersen, Pia and Pfau, Thilo},
  month = {06},
  pages = {8145-8156},
  title = {Accuracy and Precision of Equine Gait Event Detection during Walking with Limb and Trunk Mounted Inertial Sensors},
  doi = {10.3390/s120608145},
  volume = {12},
  year = {2012},
  journal = {Sensors}
}

@article{sapone_2020_comparison,
  author = {Sapone, Marie and Martin, Pauline and Ben Mansour, Khalil and Château, Henry and Marin, Frédéric},
  month = {05},
  pages = {2983},
  title = {Comparison of Trotting Stance Detection Methods from an Inertial Measurement Unit Mounted on the Horse’s Limb},
  doi = {10.3390/s20102983},
  urldate = {2021-05-28},
  volume = {20},
  year = {2020},
  journal = {Sensors}
}

@article{mouloodi_2021_what,
  author = {Mouloodi, S and Rahmanpanah, H and Gohari, S and Burvill, C and Tse, K. M. and Davies, H},
  month = {11},
  pages = {104728},
  title = {What can artificial intelligence and machine learning tell us? A review of applications to equine biomechanical research},
  doi = {10.1016/j.jmbbm.2021.104728},
  urldate = {2021-09-22},
  volume = {123},
  year = {2021},
  journal = {Journal of the Mechanical Behavior of Biomedical Materials}
}


@Article{pressure,
AUTHOR = {Martini, Elena and Fiumalbi, Tommaso and Dell’Agnello, Filippo and Ivanić, Zoran and Munih, Marko and Vitiello, Nicola and Crea, Simona},
TITLE = {Pressure-Sensitive Insoles for Real-Time Gait-Related Applications},
JOURNAL = {Sensors},
VOLUME = {20},
YEAR = {2020},
NUMBER = {5},
ARTICLE-NUMBER = {1448},
URL = {https://www.mdpi.com/1424-8220/20/5/1448},
PubMedID = {32155828},
ISSN = {1424-8220},
DOI = {10.3390/s20051448}
}




@article{higginson,
  author = {Higginson, Brian K.},
  month = {05},
  pages = {136-141},
  title = {Methods of Running Gait Analysis},
  doi = {10.1249/jsr.0b013e3181a6187a},
  volume = {8},
  year = {2009},
  journal = {Current Sports Medicine Reports}
}

@article{tijssen_2020_automatic_2,
  author = {Tijssen, M. and Hernlund, E. and Rhodin, M. and Bosch, S. and Voskamp, J. P. and Nielen, M. and Serra Braganςa, F. M.},
  editor = {Rogers, Chris},
  month = {05},
  pages = {e0233649},
  title = {Automatic detection of break-over phase onset in horses using hoof-mounted inertial measurement unit sensors},
  doi = {10.1371/journal.pone.0233649},
  urldate = {2021-05-28},
  volume = {15},
  year = {2020},
  journal = {PLOS ONE}
}

@article{clarkcarter_2014_z,
  author = {Clark‐Carter, David},
  month = {09},
  title = {z
            
            Scores},
  doi = {10.1002/9781118445112.stat06236},
  year = {2014},
  journal = {Wiley StatsRef: Statistics Reference Online}
}

@article{aurelio_2019_learning,
  author = {Aurelio, Yuri Sousa and de Almeida, Gustavo Matheus and de Castro, Cristiano Leite and Braga, Antonio Padua},
  month = {01},
  title = {Learning from Imbalanced Data Sets with Weighted Cross-Entropy Function},
  doi = {10.1007/s11063-018-09977-1},
  urldate = {2019-09-09},
  volume = {50},
  year = {2019},
  journal = {Neural Processing Letters}
}

@article{ho_2020_the,
  author = {Ho, Yaoshiang and Wookey, Samuel},
  pages = {4806-4813},
  title = {The Real-World-Weight Cross-Entropy Loss Function: Modeling the Costs of Mislabeling},
  doi = {10.1109/access.2019.2962617},
  volume = {8},
  year = {2020},
  journal = {IEEE Access}
}

@book{marey,
  title={La machine animale: locomotion terrestre et aerienne},
  author={Marey, Etienne-Jules},
  volume={3},
  year={1873},
  publisher={G. Bailliere}
}

@article{harison,
author = {Sunny Harrison},
title = {How to make a warhorse: violence and behavioural control in late medieval hippiatric treatises},
journal = {Journal of Medieval History},
volume = {48},
number = {3},
pages = {347-367},
year  = {2022},
publisher = {Routledge},
doi={10.1080/03044181.2022.2076725},

URL = {https://doi.org/10.1080/03044181.2022.2076725}
}

@article{sloet,
author = {Marianne M. Sloet van Oldruitenborgh-Oosterbaan and Erica T. W. van den Broek and Astrid J. Spierenburg},
title ={Evaluation of the Usefulness of the Portable Device Lactate Pro for Measurement of Lactate Concentrations in Equine Whole Blood},
journal = {Journal of Veterinary Diagnostic Investigation},
volume = {20},
number = {1},
pages = {83-85},
year = {2008},
doi = {10.1177/104063870802000117},
    note ={PMID: 18182516},
URL = {        https://doi.org/10.1177/104063870802000117}}

@article{weishaupt_2010_compensatory,
  author = {Weishaupt, M. A. and Wiestner, T. and Hogg, H. P. and Jordan, P. and Auer, J. A.},
  month = {01},
  pages = {727-733},
  title = {Compensatory load redistribution of horses with induced weightbearing hindlimb lameness trotting on a treadmill},
  doi = {10.2746/0425164044848244},
  urldate = {2020-06-05},
  volume = {36},
  year = {2010},
  journal = {Equine Veterinary Journal}
}

@article{weishaupt_2006_compensatory,
  author = {Weishaupt, Michael A. and Wiestner, Thomas and Hogg, Hermann P. and Jordan, Patrick and Auer, Jörg A.},
  month = {01},
  pages = {135-146},
  title = {Compensatory load redistribution of horses with induced weight-bearing forelimb lameness trotting on a treadmill},
  doi = {10.1016/j.tvjl.2004.09.004},
  urldate = {2020-06-15},
  volume = {171},
  year = {2006},
  journal = {The Veterinary Journal}
}

@article{darbandi_2021_using,
  author = {Darbandi, Hamed and Serra Bragança, Filipe and van der Zwaag, Berend Jan and Voskamp, John and Gmel, Annik Imogen and Haraldsdóttir, Eyrún Halla and Havinga, Paul},
  month = {01},
  pages = {798},
  title = {Using Different Combinations of Body-Mounted IMU Sensors to Estimate Speed of Horses—A Machine Learning Approach},
  doi = {10.3390/s21030798},
  urldate = {2021-03-19},
  volume = {21},
  year = {2021},
  journal = {Sensors}
}

@inproceedings{darbandi_2022_a,
  author = {Darbandi, Hamed and Havinga, Paul},
  month = {05},
  publisher = {IEEE},
  title = {A Machine Learning Approach to Analyze Rider’s Effects on Horse Gait Using On-Body Inertial Sensors},
  year = {2022},
  organization = {2022 IEEE International Conference on Pervasive Computing and Communications Workshops}
}

@article{abourachid_2003_a,
  author = {Abourachid, Anick},
  month = {07},
  pages = {625-630},
  title = {A new way of analysing symmetrical and asymmetrical gaits in quadrupeds},
  doi = {10.1016/s1631-0691(03)00170-7},
  volume = {326},
  year = {2003},
  journal = {Comptes Rendus Biologies}
}

@article{graaf232,
  author = {de Graaf‐Roelfsema, E. and Keizer, H.A. and van Breda, E. and Wijnberg, I.D. and van der Kolk, J.H.},
  month = {01},
  pages = {82-101},
  title = {Hormonal responses to acute exercise, training and overtraining a review with emphasis on the horse},
  doi = {10.1080/01652176.2007.9695232},
  urldate = {2021-11-01},
  volume = {29},
  year = {2007},
  journal = {Veterinary Quarterly}
}

@article{Takahashi2018ElectromyographicExercise,
  author = {Takahashi, Yuji and Mukai, Kazutaka and Matsui, Akira and Ohmura, Hajime and Takahashi, Toshiyuki},
  month = {08},
  pages = {828-835},
  title = {Electromyographic changes in hind limbs of Thoroughbreds with fatigue induced by treadmill exercise},
  doi = {10.2460/ajvr.79.8.828},
  urldate = {2022-03-23},
  volume = {79},
  year = {2018},
  journal = {American Journal of Veterinary Research}
}

@article{Munsters2020AStudy,
  author = {Munsters, Carolien C.B.M. and Kingma, Boris R.M. and van den Broek, Jan and van Oldruitenborgh-Oosterbaan, Marianne M. Sloet},
  month = {04},
  pages = {105010},
  title = {A prospective cohort study on the acute:chronic workload ratio in relation to injuries in high level eventing horses: A comprehensive 3-year study},
  doi = {10.1016/j.prevetmed.2020.105010},
  urldate = {2020-05-20},
  volume = {179},
  year = {2020},
  journal = {Preventive Veterinary Medicine}
}

@article{Arfuso2021PeripheralHorses,
  author = {Arfuso, Francesca and Giannetto, Claudia and Giudice, Elisabetta and Fazio, Francesco and Panzera, Michele and Piccione, Giuseppe},
  month = {03},
  pages = {743},
  title = {Peripheral Modulators of the Central Fatigue Development and Their Relationship with Athletic Performance in Jumper Horses},
  doi = {10.3390/ani11030743},
  urldate = {2022-03-20},
  volume = {11},
  year = {2021},
  journal = {Animals}
}

@article{Ropka-Molik2019TheHorses,
  author = {Ropka-Molik, Katarzyna and Stefaniuk-Szmukier, Monika and Szmatoła, Tomasz and Piórkowska, Katarzyna and Bugno-Poniewierska, Monika},
  month = {09},
  title = {The use of the SLC16A1 gene as a potential marker to predict race performance in Arabian horses},
  doi = {10.1186/s12863-019-0774-4},
  urldate = {2020-05-22},
  volume = {20},
  year = {2019},
  journal = {BMC Genetics}
}

@article{Rivero2001CoordinatedTraining.,
  author = {RIVERO, J. L. L. and SERRANO, A. L. and QUIROZ-ROTHE, E. and AGUILERA-TEJERO, E.},
  month = {04},
  pages = {104-108},
  title = {Coordinated changes of kinematics and muscle fibre properties with prolonged endurance training},
  doi = {10.1111/j.2042-3306.2001.tb05370.x},
  urldate = {2020-11-21},
  volume = {33},
  year = {2001},
  journal = {Equine Veterinary Journal}
}

@article{Hogg2021SymbiosisSports,
  author = {Hogg, Rachel C. and Hodgins, Gene A.},
  month = {05},
  pages = {1352},
  title = {Symbiosis or Sporting Tool? Competition and the Horse-Rider Relationship in Elite Equestrian Sports},
  doi = {10.3390/ani11051352},
  urldate = {2021-09-29},
  volume = {11},
  year = {2021},
  journal = {Animals}
}

@article{verheyenarticle,
  author = {Verheyen, K. L. P. and Wood, J. L. N.},
  month = {01},
  pages = {167-173},
  title = {Descriptive epidemiology of fractures occurring in British Thoroughbred racehorses in training},
  doi = {10.2746/0425164044868684},
  volume = {36},
  year = {2010},
  journal = {Equine Veterinary Journal}
}

@article{Colborne2001ElectromyographicStudy.,
  author = {Colborne, G. R. and Birtles, D. M. and Cacchione, I. C.},
  month = {04},
  pages = {89-93},
  title = {Electromyographic and kinematic indicators of fatigue in horses: a pilot study},
  doi = {10.1111/j.2042-3306.2001.tb05367.x},
  urldate = {2020-12-18},
  volume = {33},
  year = {2001},
  journal = {Equine Veterinary Journal}
}

@article{Warren1999TheFatigue,
  author = {Warren, L K and Lawrence, L M and Thompson, K N},
  pages = {677},
  title = {The influence of betaine on untrained and trained horses exercising to fatigue.},
  doi = {10.2527/1999.773677x},
  urldate = {2020-11-06},
  volume = {77},
  year = {1999},
  journal = {Journal of Animal Science}
}

@article{Takahashi2020DoHorses,
  author = {Takahashi, Yuji and Mukai, Kazutaka and Ohmura, Hajime and Takahashi, Toshiyuki},
  month = {03},
  pages = {102901},
  title = {Do Muscle Activities of M. Splenius and M. Brachiocephalicus Decrease Because of Exercise-Induced Fatigue in Thoroughbred Horses?},
  doi = {10.1016/j.jevs.2019.102901},
  urldate = {2020-12-18},
  volume = {86},
  year = {2020},
  journal = {Journal of Equine Veterinary Science}
}

@article{Curtis2006ObservationsRacehorses,
  author = {Curtis, R. A. and Kusano, K. and Evans, D. L.},
  month = {08},
  pages = {567–572},
  title = {Observations on respiratory flow strategies during and after intense treadmill exercise to fatigue in thoroughbred racehorses},
  doi = {10.1111/j.2042-3306.2006.tb05606.x},
  url = {https://www.ncbi.nlm.nih.gov/pubmed/17402485},
  urldate = {2020-04-01},
  year = {2006},
  journal = {Equine Veterinary Journal. Supplement}
}

@article{Kusano2007RelativeHorses,
  author = {Kusano, K. and Curtis, R.A. and Goldman, C.A. and Evans, D.L.},
  month = {08},
  pages = {362-368},
  title = {Relative Flow-Time Relationships in Single Breaths Recorded After Treadmill Exercise in Thoroughbred Horses},
  doi = {10.1016/j.jevs.2007.06.005},
  urldate = {2020-12-18},
  volume = {27},
  year = {2007},
  journal = {Journal of Equine Veterinary Science}
}

@article{Bayly2019EffectExercise,
  author = {Bayly, Warwick and Lopez, Carolina and Sides, Raymond and Bergsma, Gerald and Bergsma, Jenyka and Gold, Jenifer and Sellon, Debra},
  month = {08},
  pages = {2319-2326},
  title = {Effect of different protocols on the mitigation of exercise‐induced pulmonary hemorrhage in horses when administered 24 hours before strenuous exercise},
  doi = {10.1111/jvim.15574},
  urldate = {2020-12-18},
  volume = {33},
  year = {2019},
  journal = {Journal of Veterinary Internal Medicine}
}


@article{articlefer,
  author = {Ferrari, M. and Pfau, T. and Wilson, A. M. and Weller, R.},
  month = {05},
  pages = {493-497},
  title = {The effect of training on stride parameters in a cohort of National Hunt racing Thoroughbreds: A preliminary study},
  doi = {10.2746/042516409x374591},
  urldate = {2019-11-18},
  volume = {41},
  year = {2009},
  journal = {Equine Veterinary Journal}
}

@article{Bowers1999InfluenceRacehorses.,
  author = {Bowers, J. R. and Slocombe, R. F.},
  month = {06},
  pages = {52-56},
  title = {Influence of girth strap tensions on athletic performance of racehorses},
  doi = {10.1111/j.2042-3306.1999.tb05188.x},
  urldate = {2019-01-04},
  volume = {31},
  year = {2010},
  journal = {Equine Veterinary Journal}
}

@article{Savage2005EffectsThoroughbreds,
  author = {Savage, Kathleen A. and Colahan, Patrick T. and Tebbett, Ian R. and Rice, Brett L. and Freshwater, Lester L. and Jackson, Christie A.},
  month = {04},
  pages = {569-573},
  title = {Effects of caffeine on exercise performance of physically fit Thoroughbreds},
  doi = {10.2460/ajvr.2005.66.569},
  urldate = {2020-12-18},
  volume = {66},
  year = {2005},
  journal = {American Journal of Veterinary Research}
}


@article{Jose-Cunilleras2006CardiacRacehorses,
  author = {Jose-Cunilleras, E. and Young, L. E. and Newton, J. R. and Marlin, D. J.},
  month = {08},
  pages = {163-170},
  title = {Cardiac arrhythmias during and after treadmill exercise in poorly performing Thoroughbred racehorses},
  doi = {10.1111/j.2042-3306.2006.tb05534.x},
  urldate = {2020-04-02},
  volume = {38},
  year = {2006},
  journal = {Equine Veterinary Journal}
}

@article{Buhl2018EffectTrotters,
  author = {Buhl, Rikke and Carstensen, Helena and Hesselkilde, Eva Zander and Klein, Bjørg Zinkernagel and Hougaard, Karen Margrethe and Ravn, Kirsten Bomberg and Loft-Andersen, Ameli Victoria and Fenner, Merle Friederike and Pipper, Christian and Jespersen, Thomas},
  month = {07},
  pages = {1410–1419},
  title = {Effect of induced chronic atrial fibrillation on exercise performance in Standardbred trotters},
  doi = {10.1111/jvim.15137},
  url = {https://www.ncbi.nlm.nih.gov/pubmed/29749082},
  urldate = {2020-03-25},
  volume = {32},
  year = {2018},
  journal = {Journal of Veterinary Internal Medicine}
}

@article{Baron511,
  author = {Baron, B. and Moullan, F. and Deruelle, F. and Noakes, T. D.},
  month = {05},
  pages = {511–517},
  title = {The role of emotions on pacing strategies and performance in middle and long duration sport events},
  doi = {10.1136/bjsm.2009.059964},
  url = {https://bjsm.bmj.com/content/45/6/511.full},
  urldate = {2020-12-06},
  volume = {45},
  year = {2011},
  journal = {British Journal of Sports Medicine}
}

@article{ETO2004139,
  author = {Eto, D. and Yamano, S. and Mukai, K. and Sugiura, T. and Nasu, T. and Tokuriki, M. and Miyata, H.},
  month = {04},
  pages = {139-144},
  title = {Effect of high intensity training on anaerobic capacity of middle gluteal muscle in Thoroughbred horses},
  doi = {10.1016/j.rvsc.2003.08.010},
  urldate = {2020-11-11},
  volume = {76},
  year = {2004},
  journal = {Research in Veterinary Science}
}

@article{Piccione2010BloodHorses,
  author = {Piccione, Giuseppe and Messina, Vanessa and Casella, Stefania and Giannetto, Claudia and Caola, Giovanni},
  month = {02},
  pages = {535-539},
  title = {Blood lactate levels during exercise in athletic horses},
  doi = {10.1007/s00580-010-0965-x},
  urldate = {2021-11-16},
  volume = {19},
  year = {2010},
  journal = {Comparative Clinical Pathology}
}

@article{JANSEN200938,
  author = {Jansen, F. and Van der Krogt, J. and Van Loon, K. and Avezzù, V. and Guarino, M. and Quanten, S. and Berckmans, D.},
  month = {07},
  pages = {38-42},
  title = {Online detection of an emotional response of a horse during physical activity},
  doi = {10.1016/j.tvjl.2009.03.017},
  urldate = {2022-03-23},
  volume = {181},
  year = {2009},
  journal = {The Veterinary Journal}
}

@article{Cottin2006EffectTraining,
  author = {Cottin, F. and Barrey, E. and Lopes, P. and Billat, V.},
  month = {08},
  pages = {204-209},
  title = {Effect of repeated exercise and recovery on heart rate variability in elite trotting horses during high intensity interval training},
  doi = {10.1111/j.2042-3306.2006.tb05540.x},
  urldate = {2019-03-06},
  volume = {38},
  year = {2006},
  journal = {Equine Veterinary Journal}
}

@article{Williams2018ElectromyographyTechnology,
  author = {Williams, Jane M.},
  month = {01},
  pages = {43-58.e2},
  title = {Electromyography in the Horse: A Useful Technology?},
  doi = {10.1016/j.jevs.2017.02.005},
  volume = {60},
  year = {2018},
  journal = {Journal of Equine Veterinary Science}
}

@article{Pugliese2020EffectStudy,
  author = {Pugliese, Brenna R. and Carballo, Cristina T. and Connolly, Kevin M. and Mazan, Melissa R. and Kirker-Head, Carl A.},
  month = {03},
  pages = {102849},
  title = {Effect of Fatigue on Equine Metacarpophalangeal Joint Kinematics—A Single Horse Pilot Study},
  doi = {10.1016/j.jevs.2019.102849},
  urldate = {2020-12-18},
  volume = {86},
  year = {2020},
  journal = {Journal of Equine Veterinary Science}
}

@article{Takahashi2021EffectsRaces,
  author = {Takahashi, Yuji and Takahashi, Toshiyuki and Mukai, Kazutaka and Ohmura, Hajime},
  month = {06},
  title = {Effects of Fatigue on Stride Parameters in Thoroughbred Racehorses During Races},
  doi = {10.1016/j.jevs.2021.103447},
  urldate = {2021-04-28},
  volume = {101},
  year = {2021},
  journal = {Journal of Equine Veterinary Science}
}

@article{Barrey1999MethodsHorses,
  author = {Barrey, E.},
  month = {01},
  pages = {7–22},
  title = {Methods, Applications and Limitations of Gait Analysis in Horses},
  doi = {10.1053/tvjl.1998.0297},
  url = {https://www.sciencedirect.com/science/article/pii/S1090023398902970},
  urldate = {2020-03-02},
  volume = {157},
  year = {1999},
  journal = {The Veterinary Journal}
}

@article{Kramer2004,
  author = {Kramer, Joanne and Keegan, Kevin G. and Kelmer, Gal and Wilson, David A.},
  month = {06},
  pages = {741-747},
  title = {Objective determination of pelvic movement during hind limb lameness by use of a signal decomposition method and pelvic height differences},
  doi = {10.2460/ajvr.2004.65.741},
  volume = {65},
  year = {2004},
  journal = {American Journal of Veterinary Research}
}

@article{wight,
  author = {Wight, Jeff T. and Garman, Jordon E. J. and Hooper, David R. and Robertson, Christopher T. and Ferber, Reed and Boling, Michelle C.},
  month = {03},
  pages = {1-15},
  title = {Distance running stride-to-stride variability for sagittal plane joint angles},
  doi = {10.1080/14763141.2020.1713207},
  year = {2020},
  journal = {Sports Biomechanics}
}

@article{Nauwelaerts,
  author = {Nauwelaerts, Sandra and Aerts, Peter and Clayton, Hilary},
  month = {12},
  pages = {e59-e64},
  title = {Stride to stride variability in joint angle profiles during transitions from trot to canter in horses},
  doi = {10.1016/j.tvjl.2013.09.034},
  urldate = {2019-10-25},
  volume = {198},
  year = {2013},
  journal = {The Veterinary Journal}
}

@article{burdack,
  author = {Burdack, Johannes and Horst, Fabian and Aragonés, Daniel and Eekhoff, Alexander and Schöllhorn, Wolfgang Immanuel},
  month = {09},
  title = {Fatigue-Related and Timescale-Dependent Changes in Individual Movement Patterns Identified Using Support Vector Machine},
  doi = {10.3389/fpsyg.2020.551548},
  volume = {11},
  year = {2020},
  journal = {Frontiers in Psychology}
}

@article{ESTEP2018111,
  author = {Estep, Amanda and Morrison, Steven and Caswell, Shane and Ambegaonkar, Jatin and Cortes, Nelson},
  month = {02},
  pages = {111-115},
  title = {Differences in pattern of variability for lower extremity kinematics between walking and running},
  doi = {10.1016/j.gaitpost.2017.11.018},
  urldate = {2019-11-04},
  volume = {60},
  year = {2018},
  journal = {Gait & Posture}
}

@article{s21144792,
  author = {Nohelova, Denisa and Bizovska, Lucia and Vuillerme, Nicolas and Svoboda, Zdenek},
  month = {07},
  pages = {4792},
  title = {Gait Variability and Complexity during Single and Dual-Task Walking on Different Surfaces in Outdoor Environment},
  doi = {10.3390/s21144792},
  urldate = {2021-12-19},
  volume = {21},
  year = {2021},
  journal = {Sensors}
}

@article{franches,
author = {Gmel, Annik and Haraldsdóttir, Eyrún and Braganca, Filipe and Cruz, Antonio and Neuditschko, Markus and Weishaupt, Michael},
year = {2022},
month = {05},
pages = {104024},
title = {Determining Objective Parameters to Assess Gait Quality in Franches-Montagnes Horses for Ground Coverage and Over-Tracking - Part 1: At Walk},
volume = {115},
journal = {Journal of Equine Veterinary Science},
doi = {10.1016/j.jevs.2022.104024}
}

@article{10.5555/2976040.2976105,
    author = {Goldberger, Jacob and Roweis, Sam and Hinton, Geoff and Salakhutdinov, Ruslan},
  month = {12},
  pages = {513-520},
  title = {Neighbourhood Components Analysis},
  url = {https://proceedings.neurips.cc/paper/2004/file/42fe880812925e520249e808937738d2-Paper.pdf},
  urldate = {2022-03-23},
  year = {2004},
  journal = {NIPS'04: Proceedings of the 17th International Conference on Neural Information Processing Systems}
}

@article{articlevarma,
  author = {Varma, Sudhir and Simon, Richard},
  pages = {91},
  title = {Bias in Error Estimation When Using Cross-Validation for Model Selection},
  doi = {10.1186/1471-2105-7-91},
  urldate = {2019-09-21},
  volume = {7},
  year = {2006},
  journal = {BMC Bioinformatics}
}

@article{johnston,
  author = {Johnston, C. and Gottlieb-Vedi, Marianne and Drevemo, S. and Roepstorff, L.},
  month = {06},
  pages = {249-253},
  title = {The kinematics of loading and fatigue in the Standardbred trotter},
  doi = {10.1111/j.2042-3306.1999.tb05228.x},
  urldate = {2020-03-12},
  volume = {31},
  year = {2010},
  journal = {Equine Veterinary Journal}
}

@article{patrichttps://doi.org/10.1111/j.2042-3306.1988.tb01470.x,
  author = {Harris, patricia and Snow, D. H.},
  month = {03},
  pages = {109-113},
  title = {The effects of high intensity exercise on the plasma concentration of lactate, potassium and other electrolytes},
  doi = {10.1111/j.2042-3306.1988.tb01470.x},
  urldate = {2020-05-10},
  volume = {20},
  year = {1988},
  journal = {Equine Veterinary Journal}
}

@article{blandaltman,
  title={Understanding bland altman analysis},
  author={Giavarina, Davide},
  journal={Biochemia medica},
  volume={25},
  number={2},
  pages={141--151},
  year={2015},
  publisher={Medicinska naklada}
}

@article{jiang_2022,
title = {Real-time forecasting of exercise-induced fatigue from wearable sensors},
journal = {Computers in Biology and Medicine},
volume = {148},
pages = {105905},
year = {2022},
issn = {0010-4825},
doi = {https://doi.org/10.1016/j.compbiomed.2022.105905},
url = {https://www.sciencedirect.com/science/article/pii/S0010482522006473},
author = {Yanran Jiang and Peter Malliaras and Bernard Chen and Dana Kulić},
}

@article{Zhang2014,
  author = {Zhang, Jian and Lockhart, Thurmon E. and Soangra, Rahul},
  month = {10},
  pages = {600-612},
  title = {Classifying Lower Extremity Muscle Fatigue During Walking Using Machine Learning and Inertial Sensors},
  doi = {10.1007/s10439-013-0917-0},
  urldate = {2019-10-14},
  volume = {42},
  year = {2013},
  journal = {Annals of Biomedical Engineering}
}

@article{Baghdadi2018,
  author = {Baghdadi, Amir and Megahed, Fadel M. and Esfahani, Ehsan T. and Cavuoto, Lora A.},
  month = {03},
  pages = {1116-1129},
  title = {A machine learning approach to detect changes in gait parameters following a fatiguing occupational task},
  doi = {10.1080/00140139.2018.1442936},
  urldate = {2021-08-21},
  volume = {61},
  year = {2018},
  journal = {Ergonomics}
}

@article{MUNSTERS2013193,
  author = {Munsters, C and van den Broek, J and van Weeren, R and Sloet van Oldruitenborgh-Oosterbaan, M},
  month = {06},
  pages = {8-8},
  title = {Young Friesian Horses Show Familial Aggregation in Fitness Response to a 7-Week Performance Test},
  doi = {10.1111/evj.12267_23},
  urldate = {2021-05-10},
  volume = {1},
  year = {2014},
  journal = {Equine Veterinary Journal}
}

@misc{FEI_test,
	key =          {},
	author =        {Fédération Equestre Internationale (FEI)},
	title =        {Dressage Tests},
	howpublished = {},
	institution  = {Fédération Equestre Internationale (FEI)},
	day =       {},
	month =     {August},
	year =         2012,
	note =         {\url{Https://inside.fei.org/fei/your-role/organisers/dressage/tests/}Accessed: 14-6-2022}
}

@article{CBM,
  author = {Munsters, Carolien C B M and van den Broek, Jan and Welling, Emile and van Weeren, René and van Oldruitenborgh-Oosterbaan, Marianne M},
  pages = {182},
  title = {A prospective study on a cohort of horses and ponies selected for participation in the European Eventing Championship: reasons for withdrawal and predictive value of fitness tests},
  doi = {10.1186/1746-6148-9-182},
  url = {https://www.ncbi.nlm.nih.gov/pmc/articles/PMC3848563/},
  urldate = {2020-01-20},
  volume = {9},
  year = {2013},
  journal = {BMC Veterinary Research}
}

@article{articlesoares,
  author = {Soares, O.A.B. and Ferraz, G.C. and Trigo, P. and D'Angelis, F.H.F. and Feringer Júnior, W.H. and Nardi, K.B. and Almeida, F.Q. and Queiroz Neto, A.},
  month = {09},
  pages = {131-140},
  title = {Comparison between specific and nonspecific tests for evaluating the physical fitness of show jumping horses},
  doi = {10.3920/cep160018},
  urldate = {2020-02-09},
  volume = {12},
  year = {2016},
  journal = {Comparative Exercise Physiology}
}

@article{Munk2013EffectsJumping,
  author = {Munk, R. and Møller, S. and Lindner, A.},
  month = {01},
  pages = {33-41},
  title = {Effects of training with different interval exercises on horses used for show jumping},
  doi = {10.3920/cep12016},
  urldate = {2020-02-13},
  volume = {9},
  year = {2013},
  journal = {Comparative Exercise Physiology}
}


@article{Greve2018,
    title = {{Alterations in body lean angle in lame horses before and after diagnostic analgesia in straight lines in hand and on the lunge}},
    year = {2018},
    journal = {Veterinary Journal},
    author = {Greve, L. and Pfau, T. and Dyson, S.},
    pages = {1--6},
    volume = {239},
    publisher = {Elsevier Ltd.},
    url = {https://doi.org/10.1016/j.tvjl.2018.07.006},
    doi = {10.1016/j.tvjl.2018.07.006},
    issn = {15322971},
    pmid = {30197103},
    keywords = {Balance, Global positioning system, Inertial measurement units, Musculoskeletal coordination, Pelvic roll}
}

@article{Palareti2016,
    title = {{Comparison between different D-Dimer cutoff values to assess the individual risk of recurrent venous thromboembolism: Analysis of results obtained in the DULCIS study}},
    year = {2016},
    journal = {International Journal of Laboratory Hematology},
    author = {Palareti, G. and Legnani, C. and Cosmi, B. and Antonucci, E. and Erba, N. and Poli, D. and Testa, S. and Tosetto, A.},
    number = {1},
    pages = {42--49},
    volume = {38},
    doi = {10.1111/ijlh.12426},
    issn = {1751553X},
    keywords = {Cutoff criteria, D-dimer, Recurrence, Venous thromboembolism}
}

@article{Pfau2020,
    title = {{Comparison of visual lameness scores to gait asymmetry in racing Thoroughbreds during trot in-hand}},
    year = {2020},
    journal = {Equine Veterinary Education},
    author = {Pfau, T. and Sepulveda Caviedes, M. F. and McCarthy, R. and Cheetham, L. and Forbes, B. and Rhodin, M.},
    number = {4},
    pages = {191--198},
    volume = {32},
    doi = {10.1111/eve.12914},
    issn = {20423292},
    keywords = {Thoroughbred, horse, lameness scoring, movement asymmetry, trot}
}

@article{Pfau2013,
    title = {{Estimation of vertical tuber coxae movement in the horse from a single inertial measurement unit}},
    year = {2013},
    journal = {Veterinary Journal},
    author = {Pfau, Thilo and Starke, Sandra D. and Tr{\"{o}}ster, Susanne and Roepstorff, Lars},
    number = {2},
    pages = {498--503},
    volume = {198},
    publisher = {Elsevier Ltd},
    url = {http://dx.doi.org/10.1016/j.tvjl.2013.09.005},
    doi = {10.1016/j.tvjl.2013.09.005},
    issn = {10900233},
    pmid = {24268482},
    keywords = {Hip hike, Horse, Inertial measurement unit, Lameness, Limits of agreement}
}

@article{Roepstorff2009,
    title = {{Kinetics and kinematics of the horse comparing left and right rising trot}},
    year = {2009},
    journal = {Equine Veterinary Journal},
    author = {Roepstorff, L. and Egenvall, A. and Rhodin, M. and Bystr{\"{o}}m, A. and Johnston, C. and van Weeren, P. R. and Weishaupt, M.},
    number = {3},
    pages = {292--296},
    volume = {41},
    doi = {10.2746/042516409X397127},
    issn = {04251644},
    pmid = {19469238},
    keywords = {Asymmetry, Horse, Kinematics, Kinetics, Posting trot, Rising trot}
}

@article{Goff2018,
    title = {{Quantification of Equine Sacral and Iliac Motion During Application of Manual Forces and Comparison Between Motion Capture With Skin-Mounted and Bone-Fixated Sensors}},
    year = {2018},
    journal = {Journal of Equine Veterinary Science},
    author = {Goff, Lesley M. and McGowan, Catherine M. and Condie, Peter and Jasiewicz, Jan and van Weeren, Rene},
    pages = {5--11},
    volume = {64},
    publisher = {Elsevier Taiwan LLC},
    url = {https://doi.org/10.1016/j.jevs.2018.01.007},
    doi = {10.1016/j.jevs.2018.01.007},
    issn = {07370806},
    keywords = {Equine, Inertial sensor, Manual motion palpation, Sacroiliac}
}

@article{Goff2010,
    title = {{Quantification of equine sacral and iliac motion during gait: A comparison between motion capture with skin-mounted and bone-fixated sensors}},
    year = {2010},
    journal = {Equine Veterinary Journal},
    author = {Goff, L. and Van weeren, P. R. and Jeffcott, L. and Condie, P. and Mcgowan, C.},
    number = {SUPPL. 38},
    pages = {468--474},
    volume = {42},
    doi = {10.1111/j.2042-3306.2010.00204.x},
    issn = {20423306},
    keywords = {Gait, Horse, Kinematics, Orientation, Sacroiliac, Sensors}
}

@article{SerraBraganca2018,
    title = {{Quantification of the effect of instrumentation error in objective gait assessment in the horse on hindlimb symmetry parameters}},
    year = {2018},
    journal = {Equine Veterinary Journal},
    author = {Serra Bragan{\c{c}}a, F. M. and Rhodin, M. and Wiestner, T. and Hernlund, E. and Pfau, T. and van Weeren, P. R. and Weishaupt, M. A.},
    number = {3},
    pages = {370--376},
    volume = {50},
    doi = {10.1111/evj.12766},
    issn = {20423306},
    pmid = {29032614},
    keywords = {gait analysis, horse, lameness, marker placement, objective, symmetry}
}

@article{Pfau2016,
    title = {{Quantitative assessment of gait parameters in horses: Useful for aiding clinical decision making?}},
    year = {2016},
    journal = {Equine Veterinary Education},
    author = {Pfau, T. and Fiske-Jackson, A. and Rhodin, M.},
    number = {4},
    pages = {209--215},
    volume = {28},
    doi = {10.1111/eve.12372},
    issn = {20423292},
    keywords = {Head nod, Hip hike, Horse, Lameness, Quantitative gait assessment}
}

@article{Hardeman2020,
    title = {{Range of motion and between-measurement variation of spinal kinematics in sound horses at trot on the straight line and on the lunge}},
    year = {2020},
    journal = {PLOS ONE},
    author = {Hardeman, A. M. and Bystr{\"{o}}m, A. and Roepstorff, L. and Swagemakers, J. H. and van Weeren, P. R. and Serra Bragan{\c{c}}a, F. M.},
    editor = {Rogers, Chris},
    number = {2},
    month = {2},
    pages = {e0222822},
    volume = {15},
    url = {https://dx.plos.org/10.1371/journal.pone.0222822},
    isbn = {1111111111},
    doi = {10.1371/journal.pone.0222822},
    issn = {1932-6203},
    pmid = {32097432}
}

@article{Day2020,
    title = {{The Effect of Tungsten Road Nails on Upper Body Movement Asymmetry in Horses Trotting on Tarmac}},
    year = {2020},
    journal = {Journal of Equine Veterinary Science},
    author = {Day, Peter and Collins, Lee and Horan, Kate and Weller, Renate and Pfau, Thilo},
    pages = {103000},
    volume = {90},
    publisher = {Elsevier Ltd},
    url = {https://doi.org/10.1016/j.jevs.2020.103000},
    doi = {10.1016/j.jevs.2020.103000},
    issn = {07370806},
    pmid = {32534777},
    keywords = {Biomechanics, Equine, Gait analysis, Movement symmetry, Road nail, Tarmac, Trotting}
}

@article{Hardeman2019,
    title = {{Variation in gait parameters used for objective lameness assessment in sound horses at the trot on the straight line and the lunge}},
    year = {2019},
    journal = {Equine Veterinary Journal},
    author = {Hardeman, A. M. and Serra Bragan{\c{c}}a, F. M. and Swagemakers, J. H. and van Weeren, P. R. and Roepstorff, L.},
    number = {6},
    pages = {831--839},
    volume = {51},
    doi = {10.1111/evj.13075},
    issn = {20423306},
    pmid = {30648286},
    keywords = {clinical, gait analysis, horse, kinematics, lameness}
}

@article{Rhodin2018,
    title = {{Vertical movement symmetry of the withers in horses with induced forelimb and hindlimb lameness at trot}},
    year = {2018},
    journal = {Equine Veterinary Journal},
    author = {Rhodin, M. and Persson-Sjodin, E. and Egenvall, A. and Serra Bragan{\c{c}}a, F. M. and Pfau, T. and Roepstorff, L. and Weishaupt, M. A. and Thomsen, M. H. and van Weeren, P. R. and Hernlund, E.},
    number = {6},
    pages = {818--824},
    volume = {50},
    doi = {10.1111/evj.12844},
    issn = {20423306},
    pmid = {29658147},
    keywords = {compensatory lameness, gait analysis, horse, objective lameness measurement, withers asymmetry}
}

@article{Yeo2020AccuracySystem,
    title = {{Accuracy Verification of Spatio-Temporal and Kinematic Parameters for Gait Using Inertial Measurement Unit System}},
    year = {2020},
    journal = {Sensors},
    author = {Yeo, Sang Seok and Park, Ga Young},
    number = {5},
    month = {2},
    pages = {1343},
    volume = {20},
    url = {https://www.mdpi.com/1424-8220/20/5/1343},
    doi = {10.3390/s20051343},
    issn = {1424-8220},
    keywords = {capture, gait, imu, inertial measurement unit, kinematic, omc, optical motion, spatio-temporal, system}
}

@book{Strang2016Calculus3,
    title = {{Calculus Volume 3}},
    year = {2016},
    author = {Strang, Gilbert and Herman, Edwin},
    edition = {1},
    publisher = {Massachusetts Institute of Technology},
    isbn = {9781938168079}
}

@book{Pilliner2004TheMotion,
    title = {{The Horse in Motion}},
    year = {2004},
    booktitle = {Blackwell Science Ltd},
    author = {Pilliner, Sarah and Elmhurst, Samantha and Davies, Zoe},
    month = {4},
    publisher = {Blackwell Science Ltd},
    isbn = {063205137X},
    doi = {10.1038/025605b0},
    issn = {0028-0836}
}

@misc{1882TheMotion,
    title = {{The Horse in Motion}},
    year = {1882},
    booktitle = {Nature},
    number = {661},
    pages = {196--196},
    volume = {26},
    doi = {10.1038/026196a0},
    issn = {0028-0836}
}

@book{Pilliner2009TheLocomotion,
    title = {The Horse in Motion: The Anatomy and Physiology of Equine Locomotion},
    year = {2009},
    author = {Pilliner, S and Elmhurst, S and Davies, Z},
    publisher = {Wiley},
    url = {https://books.google.nl/books?id=DIRasmnY2hkC},
    isbn = {9781405147484}
}



@misc{a2020_user,
	key =          {},
	author =        {Inertia Technology},
	title =        {User Manual for "ProMove-mini + Basic Inertia Gateway (3.8.6)},
	howpublished = {},
	institution  = {Inertia Technology},
	day =       08,
	month =     {August},
	year =         2021,
	note =         {\url{Https://inertia-technology.com/wp-content/uploads/2020/09/ProMoveMiniBscGwUserManual3.8.6.pdf}Accessed: 08-09-2021}
}

@article{fraipont,
author = {Fraipont, Audrey and Van Erck, Emmanuelle and Ramery, Eve and Richard, Eric and Denoix, Jean-Marie and Lekeux, P and Art, T},
year = {2011},
month = {08},
pages = {154},
title = {Subclinical diseases underlying poor performance in endurance horses: Diagnostic methods and predictive tests},
volume = {169},
journal = {The Veterinary record},
doi = {10.1136/vr.d4142}
}


%%% rider

@article{jourdan_2021_the,
  author = {Jourdan, Théo and Debs, Noëlie and Frindel, Carole},
  month = {07},
  pages = {4808},
  title = {The Contribution of Machine Learning in the Validation of Commercial Wearable Sensors for Gait Monitoring in Patients: A Systematic Review},
  doi = {10.3390/s21144808},
  urldate = {2021-11-05},
  volume = {21},
  year = {2021},
  journal = {Sensors}
}

@article{rana_2021_wearable,
  author = {Rana, Manju and Mittal, Vikas},
  month = {01},
  pages = {1187-1207},
  title = {Wearable Sensors for Real-Time Kinematics Analysis in Sports: A Review},
  doi = {10.1109/jsen.2020.3019016},
  urldate = {2021-06-21},
  volume = {21},
  year = {2021},
  journal = {IEEE Sensors Journal}
}

@article{ramanujam_2021_human,
  author = {Ramanujam, E and Perumal, Thinagaran and Padmavathi, S},
  pages = {1-1},
  title = {Human Activity Recognition with Smartphone and Wearable Sensors using Deep Learning Techniques: A Review},
  doi = {10.1109/jsen.2021.3069927},
  urldate = {2021-04-10},
  volume = {21},
  year = {2021},
  journal = {IEEE Sensors Journal}
}

@article{eerdekens_2020_automatic,
  author = {Eerdekens, Anniek and Deruyck, Margot and Fontaine, Jaron and Martens, Luc and Poorter, Eli De and Joseph, Wout},
  month = {01},
  pages = {105139},
  title = {Automatic equine activity detection by convolutional neural networks using accelerometer data},
  doi = {10.1016/j.compag.2019.105139},
  urldate = {2021-10-31},
  volume = {168},
  year = {2020},
  journal = {Computers and Electronics in Agriculture}
}

@article{hayati_2019_analysis,
  author = {Hayati, Hasti and Mahdavi, Fatemeh and Eager, David},
  month = {10},
  pages = {4379},
  title = {Analysis of Agile Canine Gait Characteristics Using Accelerometry},
  doi = {10.3390/s19204379},
  volume = {19},
  year = {2019},
  journal = {Sensors}
}

@article{barrey_2010_utilisation,
  author = {BARREY, E. and HERMELIN, M. and VAUDELIN, J. L. and POIREL, D. and VALETTE, J. P.},
  month = {06},
  pages = {7-12},
  title = {Utilisation of an accelerometric device in equine gait analysis},
  doi = {10.1111/j.2042-3306.1994.tb04864.x},
  volume = {26},
  year = {2010},
  journal = {Equine Veterinary Journal}
}

@article{hall_2013_assessment,
  author = {Hall, C. and Huws, N. and Taylor, L. and White, C. and Owen, H. and McGreevy, P.},
  month = {03},
  pages = {e8},
  title = {Assessment of ridden horse behavior},
  doi = {10.1016/j.jveb.2012.12.019},
  
  volume = {8},
  year = {2013},
  journal = {Journal of Veterinary Behavior}
}

@article{deuel_1988_effects,
  author = {Deuel, N.R. and Lawrence, L.M.},
  month = {05},
  pages = {240-243},
  title = {Effects of urging by the rider on gallop stride characteristics of quarter horses},
  doi = {10.1016/s0737-0806(88)80016-9},
  urldate = {2019-03-13},
  volume = {8},
  year = {1988},
  journal = {Journal of Equine Veterinary Science}
}


@ARTICLE{Taylor2008-mp,
  title     = "A comparison of central aspects of fatigue in submaximal and maximal voluntary contractions",
  author    = "Taylor, Janet L and Gandevia, Simon C",
  journal   = "J. Appl. Physiol.",
  publisher = "American Physiological Society",
  volume    =  104,
  number    =  2,
  pages     = "542--550",
  month     =  feb,
  year      =  2008,
  doi = "doi:10.1152/japplphysiol.01053.2007"
}

@ARTICLE{Theofilidis2018-yz,
  title     = "Monitoring Exercise-Induced Muscle Fatigue and Adaptations: Making Sense of Popular or Emerging Indices and Biomarkers",
  author    = "Theofilidis, Georgios and Bogdanis, Gregory C and Koutedakis, Yiannis and Karatzaferi, Christina",
  journal   = "Sports",
  volume    =  6,
  number    =  4,
  pages     = "153",
  year      =  2018,
  doi       = "doi:10.3390/sports6040153"
}

@ARTICLE{Ishii2013-mp,
  title     = "Effect of Lactate Accumulation during Exercise-induced Muscle Fatigue on the Sensorimotor Cortex",
  author    = "Ishii, Hikaru and Nishida, Yasuto",
  journal   = "Journal of Physical Therapy Science",
  volume    =  25,
  number    =  12,
  pages     = "1637--1642",
  year      =  2013,
  doi       = "doi:10.1589/jpts.25.1637"
}

@ARTICLE{Darbandi2023-xz,
  title     = "Detecting Fatigue of Sport Horses with Biomechanical Gait Features Using Inertial Sensors",
  author    = "Darbandi, Hadi and Munsters, Christian and Parmentier, Johan and Havinga, Paul",
  journal   = "PLOS ONE",
  volume    =  18,
  number    =  4,
  pages     = "e0284554",
  year      =  2023,
  doi       = "doi:10.1371/journal.pone.0284554"
}

@ARTICLE{Aguirre2021-ab,
  title     = "Machine Learning Approach for Fatigue Estimation in Sit-to-Stand Exercise",
  author    = "Aguirre, Andrés and Pinto, Mauricio J and Cifuentes, Claudio A and Perdomo, Oscar and Díaz, Carlos A R and Múnera, Marcela",
  journal   = "Sensors (Basel)",
  volume    =  21,
  number    =  15,
  pages     = "5006",
  year      =  2021,
  doi       = "doi:10.3390/s21155006"
}

@ARTICLE{OpDeBeeck2018pq,
  title     = "Fatigue Prediction in Outdoor Runners Via Machine Learning and Sensor Fusion",
  author    = "Op De Beéck, Thomas and Meert, Wim and Schütte, Kai and Vanwanseele, Benedicte and Davis, Jesse",
  journal = "Proceedings of the 24th ACM SIGKDD International Conference on Knowledge Discovery & Data Mining (KDD '18)",
  year      =  2018,
  pages     = "606--615",
  publisher = "ACM",
  address   = "New York, NY, USA",
  doi       = "doi:10.1145/3219819.3219864"
}

@ARTICLE{Jiang2021-cd,
  title     = "A Data-Driven Approach to Predict Fatigue in Exercise Based on Motion Data from Wearable Sensors or Force Plate",
  author    = "Jiang, Yang and Hernandez, Victor and Venture, Gentiane and Kulić, Dana and Chen, Bo Yang",
  journal   = "Sensors (Basel)",
  volume    =  21,
  number    =  4,
  pages     = "1499",
  year      =  2021,
  doi       = "doi:10.3390/s21041499"
}

@ARTICLE{Jiang2022-ef,
  title     = "Real-time forecasting of exercise-induced fatigue from wearable sensors",
  author    = "Jiang, Yang and Malliaras, Peter and Chen, Bo and Kulić, Dana",
  journal   = "Computers in Biology and Medicine",
  volume    =  148,
  pages     = "105905",
  year      =  2022,
  doi       = "doi:10.1016/j.compbiomed.2022.105905"
}

@INPROCEEDINGS{Karaim2019-gh,
  title     = "Low-cost IMU Data Denoising using Savitzky-Golay Filters",
  author    = "Karaim, Mahmoud and Noureldin, Aboelmagd and Karamat, Taimoor B",
  booktitle = "2019 International Conference on Communications, Signal Processing, and their Applications (ICCSPA)",
  year      =  2019,
  pages     = "1--5",
  address   = "Sharjah, United Arab Emirates",
  doi       = "doi:10.1109/ICCSPA.2019.8713728"
}

@ARTICLE{Bryce2012-jl,
  title     = "Revisiting detrended fluctuation analysis",
  author    = "Bryce, Richard and Sprague, Kenneth",
  journal   = "Scientific reports",
  volume    =  2,
  pages     = "315",
  year      =  2012,
  doi       = "doi:10.1038/srep00315"
}

@ARTICLE{Biau2004-mn,
  title     = "Relationship between stride characteristics and scores in dressage tests",
  author    = "Biau, Sylvie and Barrey, Eric",
  journal   = "Pferdeheilkunde",
  volume    =  20,
  pages     = "140--144",
  year      =  2004,
  doi       = "doi:10.21836/PEM20040205"
}

@ARTICLE{Manzi2009-xy,
  title     = "Relation between Individualized Training Impulses and Performance in Distance Runners",
  author    = "Manzi, Vincenzo and Iellamo, Ferdinando and Impellizzeri, Franco and Dottavio, Daniela and Castagna, Carlo",
  journal   = "Medicine and Science in Sports exercise",
  volume    =  41,
  number    =  11,
  pages     = "2090--2096",
  year      =  2009,
  doi       = "doi:10.1249/MSS.0b013e3181a6a959"
}

 @article{carrie,
author = {Ritchie, Carrie},
year = {2012},
month = {03},
pages = {62},
title = {Rating of Perceived Exertion (RPE)},
volume = {58},
journal = {Journal of physiotherapy},
doi = {10.1016/S1836-9553(12)70078-4}
}